%YAML 1.1
%TAG !u! tag:unity3d.com,2011:
--- !u!29 &1
OcclusionCullingSettings:
  m_ObjectHideFlags: 0
  serializedVersion: 2
  m_OcclusionBakeSettings:
    smallestOccluder: 5
    smallestHole: 0.25
    backfaceThreshold: 100
  m_SceneGUID: 00000000000000000000000000000000
  m_OcclusionCullingData: {fileID: 0}
--- !u!104 &2
RenderSettings:
  m_ObjectHideFlags: 0
  serializedVersion: 8
  m_Fog: 0
  m_FogColor: {r: 0.5, g: 0.5, b: 0.5, a: 1}
  m_FogMode: 3
  m_FogDensity: 0.01
  m_LinearFogStart: 0
  m_LinearFogEnd: 300
  m_AmbientSkyColor: {r: 0.212, g: 0.227, b: 0.259, a: 1}
  m_AmbientEquatorColor: {r: 0.114, g: 0.125, b: 0.133, a: 1}
  m_AmbientGroundColor: {r: 0.047, g: 0.043, b: 0.035, a: 1}
  m_AmbientIntensity: 1
  m_AmbientMode: 0
  m_SubtractiveShadowColor: {r: 0.42, g: 0.478, b: 0.627, a: 1}
  m_SkyboxMaterial: {fileID: 10304, guid: 0000000000000000f000000000000000, type: 0}
  m_HaloStrength: 0.5
  m_FlareStrength: 1
  m_FlareFadeSpeed: 3
  m_HaloTexture: {fileID: 0}
  m_SpotCookie: {fileID: 10001, guid: 0000000000000000e000000000000000, type: 0}
  m_DefaultReflectionMode: 0
  m_DefaultReflectionResolution: 128
  m_ReflectionBounces: 1
  m_ReflectionIntensity: 1
  m_CustomReflection: {fileID: 0}
  m_Sun: {fileID: 0}
  m_IndirectSpecularColor: {r: 0, g: 0, b: 0, a: 1}
--- !u!157 &3
LightmapSettings:
  m_ObjectHideFlags: 0
  serializedVersion: 11
  m_GIWorkflowMode: 1
  m_GISettings:
    serializedVersion: 2
    m_BounceScale: 1
    m_IndirectOutputScale: 1
    m_AlbedoBoost: 1
    m_TemporalCoherenceThreshold: 1
    m_EnvironmentLightingMode: 0
    m_EnableBakedLightmaps: 1
    m_EnableRealtimeLightmaps: 1
  m_LightmapEditorSettings:
    serializedVersion: 9
    m_Resolution: 2
    m_BakeResolution: 40
    m_TextureWidth: 1024
    m_TextureHeight: 1024
    m_AO: 0
    m_AOMaxDistance: 1
    m_CompAOExponent: 0
    m_CompAOExponentDirect: 0
    m_Padding: 2
    m_LightmapParameters: {fileID: 0}
    m_LightmapsBakeMode: 1
    m_TextureCompression: 1
    m_FinalGather: 0
    m_FinalGatherFiltering: 1
    m_FinalGatherRayCount: 1024
    m_ReflectionCompression: 2
    m_MixedBakeMode: 1
    m_BakeBackend: 0
    m_PVRSampling: 1
    m_PVRDirectSampleCount: 32
    m_PVRSampleCount: 500
    m_PVRBounces: 2
    m_PVRFiltering: 0
    m_PVRFilteringMode: 1
    m_PVRCulling: 1
    m_PVRFilteringGaussRadiusDirect: 1
    m_PVRFilteringGaussRadiusIndirect: 5
    m_PVRFilteringGaussRadiusAO: 2
    m_PVRFilteringAtrousColorSigma: 1
    m_PVRFilteringAtrousNormalSigma: 1
    m_PVRFilteringAtrousPositionSigma: 1
  m_LightingDataAsset: {fileID: 112000001, guid: 335768ef408544719bbc9c36f4bcfe68,
    type: 2}
  m_UseShadowmask: 0
--- !u!196 &4
NavMeshSettings:
  serializedVersion: 2
  m_ObjectHideFlags: 0
  m_BuildSettings:
    serializedVersion: 2
    agentTypeID: 0
    agentRadius: 0.5
    agentHeight: 2
    agentSlope: 45
    agentClimb: 0.4
    ledgeDropHeight: 0
    maxJumpAcrossDistance: 0
    minRegionArea: 2
    manualCellSize: 0
    cellSize: 0.16666667
    manualTileSize: 0
    tileSize: 256
    accuratePlacement: 0
  m_NavMeshData: {fileID: 0}
--- !u!1 &75761986
GameObject:
  m_ObjectHideFlags: 0
  m_PrefabParentObject: {fileID: 0}
  m_PrefabInternal: {fileID: 0}
  serializedVersion: 5
  m_Component:
  - component: {fileID: 75761990}
  - component: {fileID: 75761989}
  - component: {fileID: 75761988}
  - component: {fileID: 75761987}
  - component: {fileID: 75761991}
  m_Layer: 0
  m_Name: Wall-Right
  m_TagString: Respawn
  m_Icon: {fileID: 0}
  m_NavMeshLayer: 0
  m_StaticEditorFlags: 0
  m_IsActive: 1
--- !u!23 &75761987
MeshRenderer:
  m_ObjectHideFlags: 0
  m_PrefabParentObject: {fileID: 0}
  m_PrefabInternal: {fileID: 0}
  m_GameObject: {fileID: 75761986}
  m_Enabled: 1
  m_CastShadows: 1
  m_ReceiveShadows: 0
  m_MotionVectors: 1
  m_LightProbeUsage: 1
  m_ReflectionProbeUsage: 1
  m_Materials:
  - {fileID: 2100000, guid: 6872bee55b3cc4499a09503edebbe108, type: 2}
  m_StaticBatchInfo:
    firstSubMesh: 0
    subMeshCount: 0
  m_StaticBatchRoot: {fileID: 0}
  m_ProbeAnchor: {fileID: 0}
  m_LightProbeVolumeOverride: {fileID: 0}
  m_ScaleInLightmap: 1
  m_PreserveUVs: 1
  m_IgnoreNormalsForChartDetection: 0
  m_ImportantGI: 0
  m_SelectedEditorRenderState: 3
  m_MinimumChartSize: 4
  m_AutoUVMaxDistance: 0.5
  m_AutoUVMaxAngle: 89
  m_LightmapParameters: {fileID: 0}
  m_SortingLayerID: 0
  m_SortingLayer: 0
  m_SortingOrder: 0
--- !u!65 &75761988
BoxCollider:
  m_ObjectHideFlags: 0
  m_PrefabParentObject: {fileID: 0}
  m_PrefabInternal: {fileID: 0}
  m_GameObject: {fileID: 75761986}
  m_Material: {fileID: 0}
  m_IsTrigger: 0
  m_Enabled: 1
  serializedVersion: 2
  m_Size: {x: 1, y: 2.51839, z: 1}
  m_Center: {x: 0, y: 0.75919497, z: 0}
--- !u!33 &75761989
MeshFilter:
  m_ObjectHideFlags: 0
  m_PrefabParentObject: {fileID: 0}
  m_PrefabInternal: {fileID: 0}
  m_GameObject: {fileID: 75761986}
  m_Mesh: {fileID: 10202, guid: 0000000000000000e000000000000000, type: 0}
--- !u!4 &75761990
Transform:
  m_ObjectHideFlags: 0
  m_PrefabParentObject: {fileID: 0}
  m_PrefabInternal: {fileID: 0}
  m_GameObject: {fileID: 75761986}
  m_LocalRotation: {x: 0, y: 0, z: 0, w: 1}
  m_LocalPosition: {x: 52.5, y: 8.5, z: 0}
  m_LocalScale: {x: 5, y: 20, z: 100}
  m_Children: []
  m_Father: {fileID: 101374643}
  m_RootOrder: 0
  m_LocalEulerAnglesHint: {x: 0, y: 0, z: 0}
--- !u!114 &75761991
MonoBehaviour:
  m_ObjectHideFlags: 0
  m_PrefabParentObject: {fileID: 0}
  m_PrefabInternal: {fileID: 0}
  m_GameObject: {fileID: 75761986}
  m_Enabled: 1
  m_EditorHideFlags: 0
  m_Script: {fileID: 11500000, guid: 3cf3bad438a884f948c7af4f2d4abeeb, type: 3}
  m_Name: 
  m_EditorClassIdentifier: 
  behaviorNotes: EMPTY BEHAVIOR DESCRIPTION!
  realGravity: {x: 0, y: 0, z: 0}
  magneticForce: 0
  electroMagneticProperty: 0
  eventList: []
  systemEventList: []
  objectAccess: []
  objectPause: 0
  expandPrivates: 1
  dontDestroy: 0
  useRealGravity: 0
  useFakeGravity: 0
  valueStorage: 0
  stringStorage: 
  vectorModifier: {x: 0, y: 0, z: 0}
  storedPosition: {x: 0, y: 0, z: 0}
  storedRotation: {x: 0, y: 0, z: 0}
  storedRelativeRotation: {x: 0, y: 0, z: 0}
  storedForces: {x: 0, y: 0, z: 0}
  upVector: {x: 0, y: 0, z: 0}
  forwardVector: {x: 0, y: 0, z: 0}
  rightVector: {x: 0, y: 0, z: 0}
  mainColor:
    r: 1
    g: 1
    b: 1
    a: 1
  otherColor:
    r: 0
    g: 0
    b: 0
    a: 1
  createdObjects: []
  timeCounter: 0
  canInteract: 1
  mass: 1
  forceParticle: 1
  collidedGO: {fileID: 0}
  indexFloatSet: 0
  indexStringSet: 0
  hasRigidbody: 0
  hasCollider: 0
  hasRenderer: 0
--- !u!1 &101374642
GameObject:
  m_ObjectHideFlags: 0
  m_PrefabParentObject: {fileID: 0}
  m_PrefabInternal: {fileID: 0}
  serializedVersion: 5
  m_Component:
  - component: {fileID: 101374643}
  m_Layer: 0
  m_Name: GameField
  m_TagString: Untagged
  m_Icon: {fileID: 0}
  m_NavMeshLayer: 0
  m_StaticEditorFlags: 0
  m_IsActive: 1
--- !u!4 &101374643
Transform:
  m_ObjectHideFlags: 0
  m_PrefabParentObject: {fileID: 0}
  m_PrefabInternal: {fileID: 0}
  m_GameObject: {fileID: 101374642}
  m_LocalRotation: {x: 0, y: 0, z: 0, w: 1}
  m_LocalPosition: {x: 0, y: 0, z: 0}
  m_LocalScale: {x: 1, y: 1, z: 1}
  m_Children:
  - {fileID: 75761990}
  - {fileID: 1728378647}
  - {fileID: 479136941}
  - {fileID: 845501752}
  - {fileID: 105892793}
  - {fileID: 1123632760}
  m_Father: {fileID: 0}
  m_RootOrder: 3
  m_LocalEulerAnglesHint: {x: 0, y: 0, z: 0}
--- !u!1 &105892788
GameObject:
  m_ObjectHideFlags: 0
  m_PrefabParentObject: {fileID: 0}
  m_PrefabInternal: {fileID: 0}
  serializedVersion: 5
  m_Component:
  - component: {fileID: 105892793}
  - component: {fileID: 105892792}
  - component: {fileID: 105892791}
  - component: {fileID: 105892790}
  - component: {fileID: 105892789}
  m_Layer: 0
  m_Name: Floor
  m_TagString: Untagged
  m_Icon: {fileID: 0}
  m_NavMeshLayer: 0
  m_StaticEditorFlags: 0
  m_IsActive: 1
--- !u!114 &105892789
MonoBehaviour:
  m_ObjectHideFlags: 0
  m_PrefabParentObject: {fileID: 0}
  m_PrefabInternal: {fileID: 0}
  m_GameObject: {fileID: 105892788}
  m_Enabled: 1
  m_EditorHideFlags: 0
  m_Script: {fileID: 11500000, guid: 3cf3bad438a884f948c7af4f2d4abeeb, type: 3}
  m_Name: 
  m_EditorClassIdentifier: 
  behaviorNotes: EMPTY BEHAVIOR DESCRIPTION, PLEASE FILL OUT!
  realGravity: {x: 0, y: 0, z: 0}
  magneticForce: 0
  electroMagneticProperty: 0
  eventList: []
  systemEventList: []
  objectAccess: []
  objectPause: 0
  expandPrivates: 0
  dontDestroy: 0
  useRealGravity: 0
  useFakeGravity: 0
  valueStorage: 0
  stringStorage: 
  vectorModifier: {x: 0, y: 0, z: 0}
  storedPosition: {x: 0, y: 0, z: 0}
  storedRotation: {x: 0, y: 0, z: 0}
  storedRelativeRotation: {x: 0, y: 0, z: 0}
  storedForces: {x: 0, y: 0, z: 0}
  upVector: {x: 0, y: 0, z: 0}
  forwardVector: {x: 0, y: 0, z: 0}
  rightVector: {x: 0, y: 0, z: 0}
  mainColor:
    r: 1
    g: 1
    b: 1
    a: 1
  otherColor:
    r: 0
    g: 0
    b: 0
    a: 1
  createdObjects: []
  timeCounter: 0
  canInteract: 1
  mass: 1
  forceParticle: 1
  collidedGO: {fileID: 0}
  indexFloatSet: 0
  indexStringSet: 0
  hasRigidbody: 0
  hasCollider: 0
  hasRenderer: 0
--- !u!23 &105892790
MeshRenderer:
  m_ObjectHideFlags: 0
  m_PrefabParentObject: {fileID: 0}
  m_PrefabInternal: {fileID: 0}
  m_GameObject: {fileID: 105892788}
  m_Enabled: 1
  m_CastShadows: 1
  m_ReceiveShadows: 0
  m_MotionVectors: 1
  m_LightProbeUsage: 1
  m_ReflectionProbeUsage: 1
  m_Materials:
  - {fileID: 2100000, guid: d5176375addfa4bd1a664c7b52d26c63, type: 2}
  m_StaticBatchInfo:
    firstSubMesh: 0
    subMeshCount: 0
  m_StaticBatchRoot: {fileID: 0}
  m_ProbeAnchor: {fileID: 0}
  m_LightProbeVolumeOverride: {fileID: 0}
  m_ScaleInLightmap: 1
  m_PreserveUVs: 1
  m_IgnoreNormalsForChartDetection: 0
  m_ImportantGI: 0
  m_SelectedEditorRenderState: 3
  m_MinimumChartSize: 4
  m_AutoUVMaxDistance: 0.5
  m_AutoUVMaxAngle: 89
  m_LightmapParameters: {fileID: 0}
  m_SortingLayerID: 0
  m_SortingLayer: 0
  m_SortingOrder: 0
--- !u!65 &105892791
BoxCollider:
  m_ObjectHideFlags: 0
  m_PrefabParentObject: {fileID: 0}
  m_PrefabInternal: {fileID: 0}
  m_GameObject: {fileID: 105892788}
  m_Material: {fileID: 0}
  m_IsTrigger: 0
  m_Enabled: 1
  serializedVersion: 2
  m_Size: {x: 1, y: 1, z: 1}
  m_Center: {x: 0, y: 0, z: 0}
--- !u!33 &105892792
MeshFilter:
  m_ObjectHideFlags: 0
  m_PrefabParentObject: {fileID: 0}
  m_PrefabInternal: {fileID: 0}
  m_GameObject: {fileID: 105892788}
  m_Mesh: {fileID: 10202, guid: 0000000000000000e000000000000000, type: 0}
--- !u!4 &105892793
Transform:
  m_ObjectHideFlags: 0
  m_PrefabParentObject: {fileID: 0}
  m_PrefabInternal: {fileID: 0}
  m_GameObject: {fileID: 105892788}
  m_LocalRotation: {x: 0, y: 0, z: 0, w: 1}
  m_LocalPosition: {x: 0, y: -1, z: 0}
  m_LocalScale: {x: 100, y: 1, z: 100}
  m_Children: []
  m_Father: {fileID: 101374643}
  m_RootOrder: 4
  m_LocalEulerAnglesHint: {x: 0, y: 0, z: 0}
--- !u!1 &364911959
GameObject:
  m_ObjectHideFlags: 0
  m_PrefabParentObject: {fileID: 0}
  m_PrefabInternal: {fileID: 0}
  serializedVersion: 5
  m_Component:
  - component: {fileID: 364911963}
  - component: {fileID: 364911962}
  - component: {fileID: 364911961}
  - component: {fileID: 364911960}
  m_Layer: 5
  m_Name: Canvas
  m_TagString: Untagged
  m_Icon: {fileID: 0}
  m_NavMeshLayer: 0
  m_StaticEditorFlags: 0
  m_IsActive: 1
--- !u!114 &364911960
MonoBehaviour:
  m_ObjectHideFlags: 0
  m_PrefabParentObject: {fileID: 0}
  m_PrefabInternal: {fileID: 0}
  m_GameObject: {fileID: 364911959}
  m_Enabled: 1
  m_EditorHideFlags: 0
  m_Script: {fileID: 1301386320, guid: f5f67c52d1564df4a8936ccd202a3bd8, type: 3}
  m_Name: 
  m_EditorClassIdentifier: 
  m_IgnoreReversedGraphics: 1
  m_BlockingObjects: 0
  m_BlockingMask:
    serializedVersion: 2
    m_Bits: 4294967295
--- !u!114 &364911961
MonoBehaviour:
  m_ObjectHideFlags: 0
  m_PrefabParentObject: {fileID: 0}
  m_PrefabInternal: {fileID: 0}
  m_GameObject: {fileID: 364911959}
  m_Enabled: 1
  m_EditorHideFlags: 0
  m_Script: {fileID: 1980459831, guid: f5f67c52d1564df4a8936ccd202a3bd8, type: 3}
  m_Name: 
  m_EditorClassIdentifier: 
  m_UiScaleMode: 0
  m_ReferencePixelsPerUnit: 100
  m_ScaleFactor: 1
  m_ReferenceResolution: {x: 800, y: 600}
  m_ScreenMatchMode: 0
  m_MatchWidthOrHeight: 0
  m_PhysicalUnit: 3
  m_FallbackScreenDPI: 96
  m_DefaultSpriteDPI: 96
  m_DynamicPixelsPerUnit: 1
--- !u!223 &364911962
Canvas:
  m_ObjectHideFlags: 0
  m_PrefabParentObject: {fileID: 0}
  m_PrefabInternal: {fileID: 0}
  m_GameObject: {fileID: 364911959}
  m_Enabled: 1
  serializedVersion: 3
  m_RenderMode: 0
  m_Camera: {fileID: 0}
  m_PlaneDistance: 100
  m_PixelPerfect: 0
  m_ReceivesEvents: 1
  m_OverrideSorting: 0
  m_OverridePixelPerfect: 0
  m_SortingBucketNormalizedSize: 0
  m_AdditionalShaderChannelsFlag: 25
  m_SortingLayerID: 0
  m_SortingOrder: 0
  m_TargetDisplay: 0
--- !u!224 &364911963
RectTransform:
  m_ObjectHideFlags: 0
  m_PrefabParentObject: {fileID: 0}
  m_PrefabInternal: {fileID: 0}
  m_GameObject: {fileID: 364911959}
  m_LocalRotation: {x: 0, y: 0, z: 0, w: 1}
  m_LocalPosition: {x: 0, y: 0, z: 0}
  m_LocalScale: {x: 0, y: 0, z: 0}
  m_Children:
  - {fileID: 1536796039}
  m_Father: {fileID: 0}
  m_RootOrder: 7
  m_LocalEulerAnglesHint: {x: 0, y: 0, z: 0}
  m_AnchorMin: {x: 0, y: 0}
  m_AnchorMax: {x: 0, y: 0}
  m_AnchoredPosition: {x: 0, y: 0}
  m_SizeDelta: {x: 0, y: 0}
  m_Pivot: {x: 0, y: 0}
--- !u!1 &407500401
GameObject:
  m_ObjectHideFlags: 0
  m_PrefabParentObject: {fileID: 0}
  m_PrefabInternal: {fileID: 0}
  serializedVersion: 5
  m_Component:
  - component: {fileID: 407500403}
  - component: {fileID: 407500402}
  m_Layer: 5
  m_Name: Directional Light
  m_TagString: Untagged
  m_Icon: {fileID: 0}
  m_NavMeshLayer: 0
  m_StaticEditorFlags: 0
  m_IsActive: 1
--- !u!108 &407500402
Light:
  m_ObjectHideFlags: 0
  m_PrefabParentObject: {fileID: 0}
  m_PrefabInternal: {fileID: 0}
  m_GameObject: {fileID: 407500401}
  m_Enabled: 1
  serializedVersion: 8
  m_Type: 1
  m_Color: {r: 1, g: 1, b: 1, a: 1}
  m_Intensity: 2.28
  m_Range: 10
  m_SpotAngle: 30
  m_CookieSize: 10
  m_Shadows:
    m_Type: 2
    m_Resolution: -1
    m_CustomResolution: -1
    m_Strength: 1
    m_Bias: 0.05
    m_NormalBias: 0.4
    m_NearPlane: 0.2
  m_Cookie: {fileID: 0}
  m_DrawHalo: 0
  m_Flare: {fileID: 0}
  m_RenderMode: 0
  m_CullingMask:
    serializedVersion: 2
    m_Bits: 4294967295
  m_Lightmapping: 4
  m_AreaSize: {x: 1, y: 1}
  m_BounceIntensity: 1
  m_FalloffTable:
    m_Table[0]: 0
    m_Table[1]: 0
    m_Table[2]: 0
    m_Table[3]: 0
    m_Table[4]: 0
    m_Table[5]: 0
    m_Table[6]: 0
    m_Table[7]: 0
    m_Table[8]: 0
    m_Table[9]: 0
    m_Table[10]: 0
    m_Table[11]: 0
    m_Table[12]: 0
  m_ColorTemperature: 6570
  m_UseColorTemperature: 0
  m_ShadowRadius: 0
  m_ShadowAngle: 0
--- !u!4 &407500403
Transform:
  m_ObjectHideFlags: 0
  m_PrefabParentObject: {fileID: 0}
  m_PrefabInternal: {fileID: 0}
  m_GameObject: {fileID: 407500401}
  m_LocalRotation: {x: -0.55942446, y: 0.25045192, z: -0.06527802, w: -0.7874369}
  m_LocalPosition: {x: 0, y: 18, z: 0}
  m_LocalScale: {x: 1, y: 1, z: 1}
  m_Children: []
  m_Father: {fileID: 0}
  m_RootOrder: 2
  m_LocalEulerAnglesHint: {x: 0, y: 0, z: 0}
--- !u!1 &468736142
GameObject:
  m_ObjectHideFlags: 0
  m_PrefabParentObject: {fileID: 0}
  m_PrefabInternal: {fileID: 0}
  serializedVersion: 5
  m_Component:
  - component: {fileID: 468736147}
  - component: {fileID: 468736146}
  - component: {fileID: 468736145}
  - component: {fileID: 468736144}
  - component: {fileID: 468736143}
  - component: {fileID: 468736148}
  m_Layer: 0
  m_Name: GreenBall
  m_TagString: Player
  m_Icon: {fileID: 0}
  m_NavMeshLayer: 0
  m_StaticEditorFlags: 0
  m_IsActive: 1
--- !u!114 &468736143
MonoBehaviour:
  m_ObjectHideFlags: 0
  m_PrefabParentObject: {fileID: 0}
  m_PrefabInternal: {fileID: 0}
  m_GameObject: {fileID: 468736142}
  m_Enabled: 1
  m_EditorHideFlags: 0
  m_Script: {fileID: 11500000, guid: 3cf3bad438a884f948c7af4f2d4abeeb, type: 3}
  m_Name: 
  m_EditorClassIdentifier: 
  behaviorNotes: EMPTY BEHAVIOR DESCRIPTION!
  realGravity: {x: 0, y: 0, z: 0}
  magneticForce: 0
  electroMagneticProperty: 0
  eventList:
  - eventName: ToggleGravity
    amount: 0
    otherAmount: 0
    vectorStorage: {x: 0, y: 0, z: 0}
    word: 
    playerAction: 6
    gameAction: 19
    relation: 0
    filterType: 0
    group: 
    force: 0
    objFilter: 
    msgFilter: enablegravity
    key: 103
    inputType: 0
    inputString: G
    letters: _
    showEvent: 1
    editorPosition: {x: 0, y: 0, z: 0}
    on: 0
    alive: 1
  - eventName: ResetPositionToCenter
    amount: 1
    otherAmount: 0
    vectorStorage: {x: 0, y: 0, z: 0}
    word: 
    playerAction: 9
    gameAction: 19
    relation: 4
    filterType: 1
    group: 
    force: 1
    objFilter: 
    msgFilter: toposition
    key: 8
    inputType: 0
    inputString: None
    letters: _
    showEvent: 0
    editorPosition: {x: 0, y: 0, z: 0}
    on: 0
    alive: 1
  - eventName: SetMaximumVelocity
    amount: 50
    otherAmount: 0
    vectorStorage: {x: 0, y: 0, z: 0}
    word: 
    playerAction: 10
    gameAction: 19
    relation: 0
    filterType: 0
    group: 
    force: 0
    objFilter: 
    msgFilter: maxvelmagnitude
    key: 8
    inputType: 0
    inputString: None
    letters: _
    showEvent: 0
    editorPosition: {x: 0, y: 0, z: 0}
    on: 0
    alive: 1
  - eventName: JumpUp
    amount: 10
    otherAmount: 0
    vectorStorage: {x: 0, y: 1, z: 0}
    word: 
    playerAction: 6
    gameAction: 13
    relation: 0
    filterType: 0
    group: 
    force: 1
    objFilter: 
    msgFilter: velocitychange
    key: 32
    inputType: 0
    inputString: None
    letters: _
    showEvent: 0
    editorPosition: {x: 0, y: 0, z: 0}
    on: 0
    alive: 1
  - eventName: MoveLeft
    amount: 10
    otherAmount: 0
    vectorStorage: {x: -1, y: 0, z: 0}
    word: 
    playerAction: 5
    gameAction: 13
    relation: 0
    filterType: 0
    group: 
    force: 1
    objFilter: 
    msgFilter: force
    key: 276
    inputType: 0
    inputString: None
    letters: _
    showEvent: 0
    editorPosition: {x: 0, y: 0, z: 0}
    on: 0
    alive: 1
  - eventName: MoveRight
    amount: 10
    otherAmount: 0
    vectorStorage: {x: 1, y: 0, z: 0}
    word: 
    playerAction: 5
    gameAction: 13
    relation: 0
    filterType: 0
    group: 
    force: 1
    objFilter: 
    msgFilter: force
    key: 275
    inputType: 0
    inputString: None
    letters: 
    showEvent: 0
    editorPosition: {x: 0, y: 0, z: 0}
    on: 0
    alive: 1
  - eventName: MoveUp
    amount: 10
    otherAmount: 0
    vectorStorage: {x: 0, y: 0, z: 1}
    word: 
    playerAction: 5
    gameAction: 13
    relation: 0
    filterType: 0
    group: 
    force: 1
    objFilter: 
    msgFilter: force
    key: 273
    inputType: 0
    inputString: None
    letters: 
    showEvent: 0
    editorPosition: {x: 0, y: 0, z: 0}
    on: 0
    alive: 1
  - eventName: MoveDown
    amount: 10
    otherAmount: 0
    vectorStorage: {x: 0, y: 0, z: -1}
    word: 
    playerAction: 5
    gameAction: 13
    relation: 0
    filterType: 0
    group: 
    force: 1
    objFilter: 
    msgFilter: force
    key: 274
    inputType: 0
    inputString: None
    letters: 
    showEvent: 0
    editorPosition: {x: 0, y: 0, z: 0}
    on: 0
    alive: 1
  - eventName: BounceAround
    amount: 1
    otherAmount: 0
    vectorStorage: {x: 0, y: 1, z: 0}
    word: 
    playerAction: 2
    gameAction: 1
    relation: 4
    filterType: 2
    group: 
    force: 1
    objFilter: Floor
    msgFilter: bounce
    key: 8
    inputType: 0
    inputString: None
    letters: _
    showEvent: 0
    editorPosition: {x: 0, y: 0, z: 0}
    on: 0
    alive: 1
  - eventName: CollisionResetPosition
    amount: 1
    otherAmount: 0
    vectorStorage: {x: 0, y: 0, z: 0}
    word: 
    playerAction: 2
    gameAction: 2
    relation: 2
    filterType: 1
    group: 
    force: 1
    objFilter: Respawn
    msgFilter: '#ResetPositionToCenter'
    key: 8
    inputType: 0
    inputString: None
    letters: _
    showEvent: 1
    editorPosition: {x: 0, y: 0, z: 0}
    on: 0
    alive: 1
  - eventName: LoadWhenEnterTrigger
    amount: 0
    otherAmount: 0
    vectorStorage: {x: 0, y: 0, z: 0}
    word: 
    playerAction: 12
    gameAction: 11
    relation: 0
    filterType: 1
    group: 
    force: 0
    objFilter: Finish
    msgFilter: DemoExample
    key: 8
    inputType: 0
    inputString: None
    letters: _
    showEvent: 1
    editorPosition: {x: 0, y: 0, z: 0}
    on: 0
    alive: 1
  systemEventList: []
  objectAccess:
  - {fileID: 1879710461}
  - {fileID: 105892788}
  objectPause: 0
  expandPrivates: 1
  dontDestroy: 0
  useRealGravity: 0
  useFakeGravity: 0
  valueStorage: 0
  stringStorage: 
  vectorModifier: {x: 0, y: 0, z: 0}
  storedPosition: {x: 0, y: 0, z: 0}
  storedRotation: {x: 0, y: 0, z: 0}
  storedRelativeRotation: {x: 0, y: 0, z: 0}
  storedForces: {x: 0, y: 0, z: 0}
  upVector: {x: 0, y: 0, z: 0}
  forwardVector: {x: 0, y: 0, z: 0}
  rightVector: {x: 0, y: 0, z: 0}
  mainColor:
    r: 1
    g: 1
    b: 1
    a: 1
  otherColor:
    r: 0
    g: 0
    b: 0
    a: 1
  createdObjects: []
  timeCounter: 0
  canInteract: 1
  mass: 1
  forceParticle: 1
  collidedGO: {fileID: 0}
  indexFloatSet: 0
  indexStringSet: 0
  hasRigidbody: 0
  hasCollider: 0
  hasRenderer: 0
--- !u!23 &468736144
MeshRenderer:
  m_ObjectHideFlags: 0
  m_PrefabParentObject: {fileID: 0}
  m_PrefabInternal: {fileID: 0}
  m_GameObject: {fileID: 468736142}
  m_Enabled: 1
  m_CastShadows: 1
  m_ReceiveShadows: 1
  m_MotionVectors: 1
  m_LightProbeUsage: 1
  m_ReflectionProbeUsage: 1
  m_Materials:
  - {fileID: 2100000, guid: 89059e4764c1f4f34b0865e0b4dfb935, type: 2}
  m_StaticBatchInfo:
    firstSubMesh: 0
    subMeshCount: 0
  m_StaticBatchRoot: {fileID: 0}
  m_ProbeAnchor: {fileID: 0}
  m_LightProbeVolumeOverride: {fileID: 0}
  m_ScaleInLightmap: 1
  m_PreserveUVs: 1
  m_IgnoreNormalsForChartDetection: 0
  m_ImportantGI: 0
  m_SelectedEditorRenderState: 3
  m_MinimumChartSize: 4
  m_AutoUVMaxDistance: 0.5
  m_AutoUVMaxAngle: 89
  m_LightmapParameters: {fileID: 0}
  m_SortingLayerID: 0
  m_SortingLayer: 0
  m_SortingOrder: 0
--- !u!135 &468736145
SphereCollider:
  m_ObjectHideFlags: 0
  m_PrefabParentObject: {fileID: 0}
  m_PrefabInternal: {fileID: 0}
  m_GameObject: {fileID: 468736142}
  m_Material: {fileID: 0}
  m_IsTrigger: 0
  m_Enabled: 1
  serializedVersion: 2
  m_Radius: 0.5
  m_Center: {x: 0, y: 0, z: 0}
--- !u!33 &468736146
MeshFilter:
  m_ObjectHideFlags: 0
  m_PrefabParentObject: {fileID: 0}
  m_PrefabInternal: {fileID: 0}
  m_GameObject: {fileID: 468736142}
  m_Mesh: {fileID: 10207, guid: 0000000000000000e000000000000000, type: 0}
--- !u!4 &468736147
Transform:
  m_ObjectHideFlags: 0
  m_PrefabParentObject: {fileID: 0}
  m_PrefabInternal: {fileID: 0}
  m_GameObject: {fileID: 468736142}
  m_LocalRotation: {x: 0, y: 0, z: 0, w: 1}
  m_LocalPosition: {x: 0, y: 12.4, z: 0}
  m_LocalScale: {x: 10, y: 10, z: 10}
  m_Children: []
  m_Father: {fileID: 0}
  m_RootOrder: 4
  m_LocalEulerAnglesHint: {x: 0, y: 0, z: 0}
--- !u!54 &468736148
Rigidbody:
  m_ObjectHideFlags: 0
  m_PrefabParentObject: {fileID: 0}
  m_PrefabInternal: {fileID: 0}
  m_GameObject: {fileID: 468736142}
  serializedVersion: 2
  m_Mass: 1
  m_Drag: 0
  m_AngularDrag: 0.05
  m_UseGravity: 1
  m_IsKinematic: 0
  m_Interpolate: 0
  m_Constraints: 0
  m_CollisionDetection: 0
--- !u!1 &479136937
GameObject:
  m_ObjectHideFlags: 0
  m_PrefabParentObject: {fileID: 0}
  m_PrefabInternal: {fileID: 0}
  serializedVersion: 5
  m_Component:
  - component: {fileID: 479136941}
  - component: {fileID: 479136940}
  - component: {fileID: 479136939}
  - component: {fileID: 479136938}
  m_Layer: 0
  m_Name: Wall-bottom
  m_TagString: Untagged
  m_Icon: {fileID: 0}
  m_NavMeshLayer: 0
  m_StaticEditorFlags: 0
  m_IsActive: 1
--- !u!23 &479136938
MeshRenderer:
  m_ObjectHideFlags: 0
  m_PrefabParentObject: {fileID: 0}
  m_PrefabInternal: {fileID: 0}
  m_GameObject: {fileID: 479136937}
  m_Enabled: 1
  m_CastShadows: 1
  m_ReceiveShadows: 0
  m_MotionVectors: 1
  m_LightProbeUsage: 1
  m_ReflectionProbeUsage: 1
  m_Materials:
  - {fileID: 2100000, guid: 106cc3607565a4e80adcfe0dc98c7b1b, type: 2}
  m_StaticBatchInfo:
    firstSubMesh: 0
    subMeshCount: 0
  m_StaticBatchRoot: {fileID: 0}
  m_ProbeAnchor: {fileID: 0}
  m_LightProbeVolumeOverride: {fileID: 0}
  m_ScaleInLightmap: 1
  m_PreserveUVs: 1
  m_IgnoreNormalsForChartDetection: 0
  m_ImportantGI: 0
  m_SelectedEditorRenderState: 3
  m_MinimumChartSize: 4
  m_AutoUVMaxDistance: 0.5
  m_AutoUVMaxAngle: 89
  m_LightmapParameters: {fileID: 0}
  m_SortingLayerID: 0
  m_SortingLayer: 0
  m_SortingOrder: 0
--- !u!65 &479136939
BoxCollider:
  m_ObjectHideFlags: 0
  m_PrefabParentObject: {fileID: 0}
  m_PrefabInternal: {fileID: 0}
  m_GameObject: {fileID: 479136937}
  m_Material: {fileID: 0}
  m_IsTrigger: 0
  m_Enabled: 1
  serializedVersion: 2
  m_Size: {x: 1, y: 2.5391083, z: 1}
  m_Center: {x: 0, y: 0.76955414, z: 0}
--- !u!33 &479136940
MeshFilter:
  m_ObjectHideFlags: 0
  m_PrefabParentObject: {fileID: 0}
  m_PrefabInternal: {fileID: 0}
  m_GameObject: {fileID: 479136937}
  m_Mesh: {fileID: 10202, guid: 0000000000000000e000000000000000, type: 0}
--- !u!4 &479136941
Transform:
  m_ObjectHideFlags: 0
  m_PrefabParentObject: {fileID: 0}
  m_PrefabInternal: {fileID: 0}
  m_GameObject: {fileID: 479136937}
  m_LocalRotation: {x: 0, y: 0, z: 0, w: 1}
  m_LocalPosition: {x: 0, y: 8.5, z: -52.5}
  m_LocalScale: {x: 100, y: 20, z: 5}
  m_Children: []
  m_Father: {fileID: 101374643}
  m_RootOrder: 2
  m_LocalEulerAnglesHint: {x: 0, y: 0, z: 0}
--- !u!1 &845501748
GameObject:
  m_ObjectHideFlags: 0
  m_PrefabParentObject: {fileID: 0}
  m_PrefabInternal: {fileID: 0}
  serializedVersion: 5
  m_Component:
  - component: {fileID: 845501752}
  - component: {fileID: 845501751}
  - component: {fileID: 845501750}
  - component: {fileID: 845501749}
  m_Layer: 0
  m_Name: Wall-top
  m_TagString: Finish
  m_Icon: {fileID: 0}
  m_NavMeshLayer: 0
  m_StaticEditorFlags: 4294967295
  m_IsActive: 1
--- !u!23 &845501749
MeshRenderer:
  m_ObjectHideFlags: 0
  m_PrefabParentObject: {fileID: 0}
  m_PrefabInternal: {fileID: 0}
  m_GameObject: {fileID: 845501748}
  m_Enabled: 1
  m_CastShadows: 1
  m_ReceiveShadows: 0
  m_MotionVectors: 1
  m_LightProbeUsage: 1
  m_ReflectionProbeUsage: 1
  m_Materials:
  - {fileID: 2100000, guid: 106cc3607565a4e80adcfe0dc98c7b1b, type: 2}
  m_StaticBatchInfo:
    firstSubMesh: 0
    subMeshCount: 0
  m_StaticBatchRoot: {fileID: 0}
  m_ProbeAnchor: {fileID: 0}
  m_LightProbeVolumeOverride: {fileID: 0}
  m_ScaleInLightmap: 1
  m_PreserveUVs: 1
  m_IgnoreNormalsForChartDetection: 0
  m_ImportantGI: 0
  m_SelectedEditorRenderState: 3
  m_MinimumChartSize: 4
  m_AutoUVMaxDistance: 0.5
  m_AutoUVMaxAngle: 89
  m_LightmapParameters: {fileID: 0}
  m_SortingLayerID: 0
  m_SortingLayer: 0
  m_SortingOrder: 0
--- !u!65 &845501750
BoxCollider:
  m_ObjectHideFlags: 0
  m_PrefabParentObject: {fileID: 0}
  m_PrefabInternal: {fileID: 0}
  m_GameObject: {fileID: 845501748}
  m_Material: {fileID: 0}
  m_IsTrigger: 0
  m_Enabled: 1
  serializedVersion: 2
  m_Size: {x: 1, y: 2.5217094, z: 1}
  m_Center: {x: 0, y: 0.7608547, z: 0}
--- !u!33 &845501751
MeshFilter:
  m_ObjectHideFlags: 0
  m_PrefabParentObject: {fileID: 0}
  m_PrefabInternal: {fileID: 0}
  m_GameObject: {fileID: 845501748}
  m_Mesh: {fileID: 10202, guid: 0000000000000000e000000000000000, type: 0}
--- !u!4 &845501752
Transform:
  m_ObjectHideFlags: 0
  m_PrefabParentObject: {fileID: 0}
  m_PrefabInternal: {fileID: 0}
  m_GameObject: {fileID: 845501748}
  m_LocalRotation: {x: 0, y: 0, z: 0, w: 1}
  m_LocalPosition: {x: 0, y: 8.5, z: 52}
  m_LocalScale: {x: 100, y: 20, z: 5}
  m_Children: []
  m_Father: {fileID: 101374643}
  m_RootOrder: 3
  m_LocalEulerAnglesHint: {x: 0, y: 0, z: 0}
--- !u!1001 &917054955
Prefab:
  m_ObjectHideFlags: 0
  serializedVersion: 2
  m_Modification:
    m_TransformParent: {fileID: 0}
    m_Modifications:
    - target: {fileID: 488384, guid: 09fd5975b6f504aafb5a22b0b2b21b0f, type: 2}
      propertyPath: m_LocalPosition.x
      value: -34
      objectReference: {fileID: 0}
    - target: {fileID: 488384, guid: 09fd5975b6f504aafb5a22b0b2b21b0f, type: 2}
      propertyPath: m_LocalPosition.y
      value: 4
      objectReference: {fileID: 0}
    - target: {fileID: 488384, guid: 09fd5975b6f504aafb5a22b0b2b21b0f, type: 2}
      propertyPath: m_LocalPosition.z
      value: 0
      objectReference: {fileID: 0}
    - target: {fileID: 488384, guid: 09fd5975b6f504aafb5a22b0b2b21b0f, type: 2}
      propertyPath: m_LocalRotation.x
      value: 0
      objectReference: {fileID: 0}
    - target: {fileID: 488384, guid: 09fd5975b6f504aafb5a22b0b2b21b0f, type: 2}
      propertyPath: m_LocalRotation.y
      value: 0
      objectReference: {fileID: 0}
    - target: {fileID: 488384, guid: 09fd5975b6f504aafb5a22b0b2b21b0f, type: 2}
      propertyPath: m_LocalRotation.z
      value: 0
      objectReference: {fileID: 0}
    - target: {fileID: 488384, guid: 09fd5975b6f504aafb5a22b0b2b21b0f, type: 2}
      propertyPath: m_LocalRotation.w
      value: 1
      objectReference: {fileID: 0}
    - target: {fileID: 488384, guid: 09fd5975b6f504aafb5a22b0b2b21b0f, type: 2}
      propertyPath: m_RootOrder
      value: 5
      objectReference: {fileID: 0}
    - target: {fileID: 11437372, guid: 09fd5975b6f504aafb5a22b0b2b21b0f, type: 2}
      propertyPath: eventList.Array.data[2].key
      value: 115
      objectReference: {fileID: 0}
    - target: {fileID: 11437372, guid: 09fd5975b6f504aafb5a22b0b2b21b0f, type: 2}
      propertyPath: eventList.Array.data[3].showEvent
      value: 1
      objectReference: {fileID: 0}
    - target: {fileID: 11437372, guid: 09fd5975b6f504aafb5a22b0b2b21b0f, type: 2}
      propertyPath: eventList.Array.data[3].key
      value: 119
      objectReference: {fileID: 0}
    - target: {fileID: 5440402, guid: 09fd5975b6f504aafb5a22b0b2b21b0f, type: 2}
      propertyPath: m_Mass
      value: 10
      objectReference: {fileID: 0}
    - target: {fileID: 194636, guid: 09fd5975b6f504aafb5a22b0b2b21b0f, type: 2}
      propertyPath: m_IsActive
      value: 1
      objectReference: {fileID: 0}
    - target: {fileID: 11437372, guid: 09fd5975b6f504aafb5a22b0b2b21b0f, type: 2}
      propertyPath: eventList.Array.data[2].letters
      value: _
      objectReference: {fileID: 0}
    - target: {fileID: 11437372, guid: 09fd5975b6f504aafb5a22b0b2b21b0f, type: 2}
      propertyPath: eventList.Array.data[3].letters
      value: _
      objectReference: {fileID: 0}
    m_RemovedComponents: []
  m_ParentPrefab: {fileID: 100100000, guid: 09fd5975b6f504aafb5a22b0b2b21b0f, type: 2}
  m_RootGameObject: {fileID: 1186093564}
  m_IsPrefabParent: 0
--- !u!1 &1123632755
GameObject:
  m_ObjectHideFlags: 0
  m_PrefabParentObject: {fileID: 0}
  m_PrefabInternal: {fileID: 0}
  serializedVersion: 5
  m_Component:
  - component: {fileID: 1123632760}
  - component: {fileID: 1123632759}
  - component: {fileID: 1123632758}
  - component: {fileID: 1123632757}
  - component: {fileID: 1123632756}
  m_Layer: 0
  m_Name: Ceiling
  m_TagString: Untagged
  m_Icon: {fileID: 0}
  m_NavMeshLayer: 0
  m_StaticEditorFlags: 0
  m_IsActive: 1
--- !u!114 &1123632756
MonoBehaviour:
  m_ObjectHideFlags: 0
  m_PrefabParentObject: {fileID: 0}
  m_PrefabInternal: {fileID: 0}
  m_GameObject: {fileID: 1123632755}
  m_Enabled: 1
  m_EditorHideFlags: 0
  m_Script: {fileID: 11500000, guid: 3cf3bad438a884f948c7af4f2d4abeeb, type: 3}
  m_Name: 
  m_EditorClassIdentifier: 
  behaviorNotes: EMPTY BEHAVIOR DESCRIPTION, PLEASE FILL OUT!
  realGravity: {x: 0, y: 0, z: 0}
  magneticForce: 0
  electroMagneticProperty: 0
  eventList: []
  systemEventList: []
  objectAccess: []
  objectPause: 0
  expandPrivates: 0
  dontDestroy: 0
  useRealGravity: 0
  useFakeGravity: 0
  valueStorage: 0
  stringStorage: 
  vectorModifier: {x: 0, y: 0, z: 0}
  storedPosition: {x: 0, y: 0, z: 0}
  storedRotation: {x: 0, y: 0, z: 0}
  storedRelativeRotation: {x: 0, y: 0, z: 0}
  storedForces: {x: 0, y: 0, z: 0}
  upVector: {x: 0, y: 0, z: 0}
  forwardVector: {x: 0, y: 0, z: 0}
  rightVector: {x: 0, y: 0, z: 0}
  mainColor:
    r: 1
    g: 1
    b: 1
    a: 1
  otherColor:
    r: 0
    g: 0
    b: 0
    a: 1
  createdObjects: []
  timeCounter: 0
  canInteract: 1
  mass: 1
  forceParticle: 1
  collidedGO: {fileID: 0}
  indexFloatSet: 0
  indexStringSet: 0
  hasRigidbody: 0
  hasCollider: 0
  hasRenderer: 0
--- !u!23 &1123632757
MeshRenderer:
  m_ObjectHideFlags: 0
  m_PrefabParentObject: {fileID: 0}
  m_PrefabInternal: {fileID: 0}
  m_GameObject: {fileID: 1123632755}
  m_Enabled: 0
  m_CastShadows: 1
  m_ReceiveShadows: 1
  m_MotionVectors: 1
  m_LightProbeUsage: 1
  m_ReflectionProbeUsage: 1
  m_Materials:
  - {fileID: 2100000, guid: d5176375addfa4bd1a664c7b52d26c63, type: 2}
  m_StaticBatchInfo:
    firstSubMesh: 0
    subMeshCount: 0
  m_StaticBatchRoot: {fileID: 0}
  m_ProbeAnchor: {fileID: 0}
  m_LightProbeVolumeOverride: {fileID: 0}
  m_ScaleInLightmap: 1
  m_PreserveUVs: 1
  m_IgnoreNormalsForChartDetection: 0
  m_ImportantGI: 0
  m_SelectedEditorRenderState: 3
  m_MinimumChartSize: 4
  m_AutoUVMaxDistance: 0.5
  m_AutoUVMaxAngle: 89
  m_LightmapParameters: {fileID: 0}
  m_SortingLayerID: 0
  m_SortingLayer: 0
  m_SortingOrder: 0
--- !u!65 &1123632758
BoxCollider:
  m_ObjectHideFlags: 0
  m_PrefabParentObject: {fileID: 0}
  m_PrefabInternal: {fileID: 0}
  m_GameObject: {fileID: 1123632755}
  m_Material: {fileID: 0}
  m_IsTrigger: 0
  m_Enabled: 1
  serializedVersion: 2
  m_Size: {x: 1, y: 1, z: 1}
  m_Center: {x: 0, y: 0, z: 0}
--- !u!33 &1123632759
MeshFilter:
  m_ObjectHideFlags: 0
  m_PrefabParentObject: {fileID: 0}
  m_PrefabInternal: {fileID: 0}
  m_GameObject: {fileID: 1123632755}
  m_Mesh: {fileID: 10202, guid: 0000000000000000e000000000000000, type: 0}
--- !u!4 &1123632760
Transform:
  m_ObjectHideFlags: 0
  m_PrefabParentObject: {fileID: 0}
  m_PrefabInternal: {fileID: 0}
  m_GameObject: {fileID: 1123632755}
  m_LocalRotation: {x: 0, y: 0, z: 0, w: 1}
  m_LocalPosition: {x: 0, y: 19, z: 0}
  m_LocalScale: {x: 100, y: 1, z: 100}
  m_Children: []
  m_Father: {fileID: 101374643}
  m_RootOrder: 5
  m_LocalEulerAnglesHint: {x: 0, y: 0, z: 0}
--- !u!1 &1186093564
GameObject:
  m_ObjectHideFlags: 0
  m_PrefabParentObject: {fileID: 194636, guid: 09fd5975b6f504aafb5a22b0b2b21b0f, type: 2}
  m_PrefabInternal: {fileID: 917054955}
  serializedVersion: 5
  m_Component:
  - component: {fileID: 1186093570}
  - component: {fileID: 1186093569}
  - component: {fileID: 1186093568}
  - component: {fileID: 1186093567}
  - component: {fileID: 1186093566}
  - component: {fileID: 1186093565}
  m_Layer: 0
  m_Name: Paddle
  m_TagString: Untagged
  m_Icon: {fileID: 0}
  m_NavMeshLayer: 0
  m_StaticEditorFlags: 0
  m_IsActive: 1
--- !u!114 &1186093565
MonoBehaviour:
  m_ObjectHideFlags: 0
  m_PrefabParentObject: {fileID: 11437372, guid: 09fd5975b6f504aafb5a22b0b2b21b0f,
    type: 2}
  m_PrefabInternal: {fileID: 917054955}
  m_GameObject: {fileID: 1186093564}
  m_Enabled: 1
  m_EditorHideFlags: 0
  m_Script: {fileID: 11500000, guid: 3cf3bad438a884f948c7af4f2d4abeeb, type: 3}
  m_Name: 
  m_EditorClassIdentifier: 
--- !u!54 &1186093566
Rigidbody:
  m_ObjectHideFlags: 0
  m_PrefabParentObject: {fileID: 5440402, guid: 09fd5975b6f504aafb5a22b0b2b21b0f,
    type: 2}
  m_PrefabInternal: {fileID: 917054955}
  m_GameObject: {fileID: 1186093564}
  serializedVersion: 2
  m_Mass: 10
  m_Drag: 0
  m_AngularDrag: 0.05
  m_UseGravity: 0
  m_IsKinematic: 0
  m_Interpolate: 0
  m_Constraints: 118
  m_CollisionDetection: 0
--- !u!23 &1186093567
MeshRenderer:
  m_ObjectHideFlags: 0
  m_PrefabParentObject: {fileID: 2395266, guid: 09fd5975b6f504aafb5a22b0b2b21b0f,
    type: 2}
  m_PrefabInternal: {fileID: 917054955}
  m_GameObject: {fileID: 1186093564}
  m_Enabled: 1
  m_CastShadows: 1
  m_ReceiveShadows: 1
  m_MotionVectors: 1
  m_LightProbeUsage: 1
  m_ReflectionProbeUsage: 1
  m_Materials:
  - {fileID: 10303, guid: 0000000000000000f000000000000000, type: 0}
  m_StaticBatchInfo:
    firstSubMesh: 0
    subMeshCount: 0
  m_StaticBatchRoot: {fileID: 0}
  m_ProbeAnchor: {fileID: 0}
  m_LightProbeVolumeOverride: {fileID: 0}
  m_ScaleInLightmap: 1
  m_PreserveUVs: 1
  m_IgnoreNormalsForChartDetection: 0
  m_ImportantGI: 0
  m_SelectedEditorRenderState: 3
  m_MinimumChartSize: 4
  m_AutoUVMaxDistance: 0.5
  m_AutoUVMaxAngle: 89
  m_LightmapParameters: {fileID: 0}
  m_SortingLayerID: 0
  m_SortingLayer: 0
  m_SortingOrder: 0
--- !u!65 &1186093568
BoxCollider:
  m_ObjectHideFlags: 0
  m_PrefabParentObject: {fileID: 6543612, guid: 09fd5975b6f504aafb5a22b0b2b21b0f,
    type: 2}
  m_PrefabInternal: {fileID: 917054955}
  m_GameObject: {fileID: 1186093564}
  m_Material: {fileID: 0}
  m_IsTrigger: 0
  m_Enabled: 1
  serializedVersion: 2
  m_Size: {x: 1, y: 1, z: 1}
  m_Center: {x: 0, y: 0, z: 0}
--- !u!33 &1186093569
MeshFilter:
  m_ObjectHideFlags: 0
  m_PrefabParentObject: {fileID: 3391672, guid: 09fd5975b6f504aafb5a22b0b2b21b0f,
    type: 2}
  m_PrefabInternal: {fileID: 917054955}
  m_GameObject: {fileID: 1186093564}
  m_Mesh: {fileID: 10202, guid: 0000000000000000e000000000000000, type: 0}
--- !u!4 &1186093570
Transform:
  m_ObjectHideFlags: 0
  m_PrefabParentObject: {fileID: 488384, guid: 09fd5975b6f504aafb5a22b0b2b21b0f, type: 2}
  m_PrefabInternal: {fileID: 917054955}
  m_GameObject: {fileID: 1186093564}
  m_LocalRotation: {x: 0, y: 0, z: 0, w: 1}
  m_LocalPosition: {x: -34, y: 4, z: 0}
  m_LocalScale: {x: 5, y: 5, z: 15}
  m_Children: []
  m_Father: {fileID: 0}
  m_RootOrder: 5
  m_LocalEulerAnglesHint: {x: 0, y: 0, z: 0}
--- !u!1 &1322759582
GameObject:
  m_ObjectHideFlags: 0
  m_PrefabParentObject: {fileID: 0}
  m_PrefabInternal: {fileID: 0}
  serializedVersion: 5
  m_Component:
  - component: {fileID: 1322759587}
  - component: {fileID: 1322759586}
  - component: {fileID: 1322759585}
  - component: {fileID: 1322759584}
  - component: {fileID: 1322759583}
  - component: {fileID: 1322759588}
  m_Layer: 5
  m_Name: Main Camera-UpdateLate|System:SET:lookat
  m_TagString: MainCamera
  m_Icon: {fileID: 0}
  m_NavMeshLayer: 0
  m_StaticEditorFlags: 0
  m_IsActive: 1
--- !u!81 &1322759583
AudioListener:
  m_ObjectHideFlags: 0
  m_PrefabParentObject: {fileID: 0}
  m_PrefabInternal: {fileID: 0}
  m_GameObject: {fileID: 1322759582}
  m_Enabled: 1
--- !u!124 &1322759584
Behaviour:
  m_ObjectHideFlags: 0
  m_PrefabParentObject: {fileID: 0}
  m_PrefabInternal: {fileID: 0}
  m_GameObject: {fileID: 1322759582}
  m_Enabled: 1
--- !u!92 &1322759585
Behaviour:
  m_ObjectHideFlags: 0
  m_PrefabParentObject: {fileID: 0}
  m_PrefabInternal: {fileID: 0}
  m_GameObject: {fileID: 1322759582}
  m_Enabled: 1
--- !u!20 &1322759586
Camera:
  m_ObjectHideFlags: 0
  m_PrefabParentObject: {fileID: 0}
  m_PrefabInternal: {fileID: 0}
  m_GameObject: {fileID: 1322759582}
  m_Enabled: 1
  serializedVersion: 2
  m_ClearFlags: 2
  m_BackGroundColor: {r: 1, g: 1, b: 1, a: 0.019607844}
  m_NormalizedViewPortRect:
    serializedVersion: 2
    x: 0
    y: 0
    width: 1
    height: 1
  near clip plane: 0.3
  far clip plane: 1000
  field of view: 60
  orthographic: 0
  orthographic size: 5
  m_Depth: -1
  m_CullingMask:
    serializedVersion: 2
    m_Bits: 4294967295
  m_RenderingPath: -1
  m_TargetTexture: {fileID: 0}
  m_TargetDisplay: 0
  m_TargetEye: 3
  m_HDR: 0
  m_AllowMSAA: 1
  m_ForceIntoRT: 0
  m_OcclusionCulling: 1
  m_StereoConvergence: 10
  m_StereoSeparation: 0.022
  m_StereoMirrorMode: 0
--- !u!4 &1322759587
Transform:
  m_ObjectHideFlags: 0
  m_PrefabParentObject: {fileID: 0}
  m_PrefabInternal: {fileID: 0}
  m_GameObject: {fileID: 1322759582}
  m_LocalRotation: {x: 0, y: 0, z: 0, w: 1}
  m_LocalPosition: {x: 0, y: 79, z: -69.4}
  m_LocalScale: {x: 1, y: 1, z: 1}
  m_Children: []
  m_Father: {fileID: 0}
  m_RootOrder: 0
  m_LocalEulerAnglesHint: {x: 0, y: 0, z: 0}
--- !u!114 &1322759588
MonoBehaviour:
  m_ObjectHideFlags: 0
  m_PrefabParentObject: {fileID: 0}
  m_PrefabInternal: {fileID: 0}
  m_GameObject: {fileID: 1322759582}
  m_Enabled: 1
  m_EditorHideFlags: 0
  m_Script: {fileID: 11500000, guid: 3cf3bad438a884f948c7af4f2d4abeeb, type: 3}
  m_Name: 
  m_EditorClassIdentifier: 
  behaviorNotes: EMPTY BEHAVIOR DESCRIPTION!
  realGravity: {x: 0, y: 0, z: 0}
  magneticForce: 0
  electroMagneticProperty: 0
  eventList:
  - eventName: _BlankName0
    amount: 1
    otherAmount: 0
    vectorStorage: {x: 1, y: 1, z: 1}
    word: 
    playerAction: 17
    gameAction: 19
    relation: 0
    filterType: 0
    group: 
    force: 1
    objFilter: GreenBall
    msgFilter: lookat
    key: 46
    inputType: 0
    inputString: None
    letters: _
    showEvent: 1
    editorPosition: {x: 0, y: 0, z: 0}
    on: 0
    alive: 1
  systemEventList: []
  objectAccess:
  - {fileID: 468736142}
  objectPause: 0
  expandPrivates: 1
  dontDestroy: 0
  useRealGravity: 0
  useFakeGravity: 0
  valueStorage: 0
  stringStorage: 
  vectorModifier: {x: 0, y: 0, z: 0}
  storedPosition: {x: 0, y: 0, z: 0}
  storedRotation: {x: 0, y: 0, z: 0}
  storedRelativeRotation: {x: 0, y: 0, z: 0}
  storedForces: {x: 0, y: 0, z: 0}
  upVector: {x: 0, y: 0, z: 0}
  forwardVector: {x: 0, y: 0, z: 0}
  rightVector: {x: 0, y: 0, z: 0}
  mainColor:
    r: 1
    g: 1
    b: 1
    a: 1
  otherColor:
    r: 0
    g: 0
    b: 0
    a: 1
  createdObjects: []
  timeCounter: 0
  canInteract: 1
  mass: 1
  forceParticle: 1
  collidedGO: {fileID: 0}
  indexFloatSet: 0
  indexStringSet: 0
  hasRigidbody: 0
  hasCollider: 0
  hasRenderer: 0
--- !u!1 &1536796038
GameObject:
  m_ObjectHideFlags: 0
  m_PrefabParentObject: {fileID: 0}
  m_PrefabInternal: {fileID: 0}
  serializedVersion: 5
  m_Component:
  - component: {fileID: 1536796039}
  - component: {fileID: 1536796041}
  - component: {fileID: 1536796040}
  m_Layer: 5
  m_Name: Text
  m_TagString: Untagged
  m_Icon: {fileID: 0}
  m_NavMeshLayer: 0
  m_StaticEditorFlags: 0
  m_IsActive: 1
--- !u!224 &1536796039
RectTransform:
  m_ObjectHideFlags: 0
  m_PrefabParentObject: {fileID: 0}
  m_PrefabInternal: {fileID: 0}
  m_GameObject: {fileID: 1536796038}
  m_LocalRotation: {x: 0.7071057, y: -0, z: -0, w: 0.7071079}
  m_LocalPosition: {x: 0, y: 0, z: -16.5}
  m_LocalScale: {x: 0.2, y: 0.2, z: 0.2}
  m_Children: []
  m_Father: {fileID: 364911963}
  m_RootOrder: 0
  m_LocalEulerAnglesHint: {x: 89.981, y: 0, z: 0}
  m_AnchorMin: {x: 0.5, y: 0.5}
  m_AnchorMax: {x: 0.5, y: 0.5}
  m_AnchoredPosition: {x: -408.5, y: -232.5}
  m_SizeDelta: {x: 160, y: 30}
  m_Pivot: {x: 0.5, y: 0.5}
--- !u!114 &1536796040
MonoBehaviour:
  m_ObjectHideFlags: 0
  m_PrefabParentObject: {fileID: 0}
  m_PrefabInternal: {fileID: 0}
  m_GameObject: {fileID: 1536796038}
  m_Enabled: 1
  m_EditorHideFlags: 0
  m_Script: {fileID: 708705254, guid: f5f67c52d1564df4a8936ccd202a3bd8, type: 3}
  m_Name: 
  m_EditorClassIdentifier: 
  m_Material: {fileID: 0}
  m_Color: {r: 1, g: 1, b: 1, a: 1}
  m_RaycastTarget: 1
  m_OnCullStateChanged:
    m_PersistentCalls:
      m_Calls: []
    m_TypeName: UnityEngine.UI.MaskableGraphic+CullStateChangedEvent, UnityEngine.UI,
      Version=1.0.0.0, Culture=neutral, PublicKeyToken=null
  m_FontData:
    m_Font: {fileID: 10102, guid: 0000000000000000e000000000000000, type: 0}
    m_FontSize: 14
    m_FontStyle: 0
    m_BestFit: 0
    m_MinSize: 10
    m_MaxSize: 40
    m_Alignment: 0
    m_AlignByGeometry: 0
    m_RichText: 1
    m_HorizontalOverflow: 0
    m_VerticalOverflow: 1
    m_LineSpacing: 1
  m_Text: 'Paddle: Movement (W,S keys)

    GreenBall: Movement(Directional Arrows), Jump(Spacebar)'
--- !u!222 &1536796041
CanvasRenderer:
  m_ObjectHideFlags: 0
  m_PrefabParentObject: {fileID: 0}
  m_PrefabInternal: {fileID: 0}
  m_GameObject: {fileID: 1536796038}
--- !u!1 &1728378643
GameObject:
  m_ObjectHideFlags: 0
  m_PrefabParentObject: {fileID: 0}
  m_PrefabInternal: {fileID: 0}
  serializedVersion: 5
  m_Component:
  - component: {fileID: 1728378647}
  - component: {fileID: 1728378646}
  - component: {fileID: 1728378645}
  - component: {fileID: 1728378644}
  - component: {fileID: 1728378648}
  m_Layer: 0
  m_Name: Wall-Left
  m_TagString: Respawn
  m_Icon: {fileID: 0}
  m_NavMeshLayer: 0
  m_StaticEditorFlags: 4294967295
  m_IsActive: 1
--- !u!23 &1728378644
MeshRenderer:
  m_ObjectHideFlags: 0
  m_PrefabParentObject: {fileID: 0}
  m_PrefabInternal: {fileID: 0}
  m_GameObject: {fileID: 1728378643}
  m_Enabled: 1
  m_CastShadows: 1
  m_ReceiveShadows: 0
  m_MotionVectors: 1
  m_LightProbeUsage: 1
  m_ReflectionProbeUsage: 1
  m_Materials:
  - {fileID: 2100000, guid: 6872bee55b3cc4499a09503edebbe108, type: 2}
  m_StaticBatchInfo:
    firstSubMesh: 0
    subMeshCount: 0
  m_StaticBatchRoot: {fileID: 0}
  m_ProbeAnchor: {fileID: 0}
  m_LightProbeVolumeOverride: {fileID: 0}
  m_ScaleInLightmap: 1
  m_PreserveUVs: 1
  m_IgnoreNormalsForChartDetection: 0
  m_ImportantGI: 0
  m_SelectedEditorRenderState: 3
  m_MinimumChartSize: 4
  m_AutoUVMaxDistance: 0.5
  m_AutoUVMaxAngle: 89
  m_LightmapParameters: {fileID: 0}
  m_SortingLayerID: 0
  m_SortingLayer: 0
  m_SortingOrder: 0
--- !u!65 &1728378645
BoxCollider:
  m_ObjectHideFlags: 0
  m_PrefabParentObject: {fileID: 0}
  m_PrefabInternal: {fileID: 0}
  m_GameObject: {fileID: 1728378643}
  m_Material: {fileID: 0}
  m_IsTrigger: 0
  m_Enabled: 1
  serializedVersion: 2
  m_Size: {x: 1, y: 2.5131814, z: 1}
  m_Center: {x: 0, y: 0.75659066, z: 0}
--- !u!33 &1728378646
MeshFilter:
  m_ObjectHideFlags: 0
  m_PrefabParentObject: {fileID: 0}
  m_PrefabInternal: {fileID: 0}
  m_GameObject: {fileID: 1728378643}
  m_Mesh: {fileID: 10202, guid: 0000000000000000e000000000000000, type: 0}
--- !u!4 &1728378647
Transform:
  m_ObjectHideFlags: 0
  m_PrefabParentObject: {fileID: 0}
  m_PrefabInternal: {fileID: 0}
  m_GameObject: {fileID: 1728378643}
  m_LocalRotation: {x: 0, y: 0, z: 0, w: 1}
  m_LocalPosition: {x: -52.5, y: 8.5, z: 0}
  m_LocalScale: {x: 5, y: 20, z: 100}
  m_Children: []
  m_Father: {fileID: 101374643}
  m_RootOrder: 1
  m_LocalEulerAnglesHint: {x: 0, y: 0, z: 0}
--- !u!114 &1728378648
MonoBehaviour:
  m_ObjectHideFlags: 0
  m_PrefabParentObject: {fileID: 0}
  m_PrefabInternal: {fileID: 0}
  m_GameObject: {fileID: 1728378643}
  m_Enabled: 1
  m_EditorHideFlags: 0
  m_Script: {fileID: 11500000, guid: 3cf3bad438a884f948c7af4f2d4abeeb, type: 3}
  m_Name: 
  m_EditorClassIdentifier: 
  behaviorNotes: EMPTY BEHAVIOR DESCRIPTION!
  realGravity: {x: 0, y: 0, z: 0}
  magneticForce: 0
  electroMagneticProperty: 0
  eventList: []
  systemEventList: []
  objectAccess: []
  objectPause: 0
  expandPrivates: 1
  dontDestroy: 0
  useRealGravity: 0
  useFakeGravity: 0
  valueStorage: 0
  stringStorage: 
  vectorModifier: {x: 0, y: 0, z: 0}
  storedPosition: {x: 0, y: 0, z: 0}
  storedRotation: {x: 0, y: 0, z: 0}
  storedRelativeRotation: {x: 0, y: 0, z: 0}
  storedForces: {x: 0, y: 0, z: 0}
  upVector: {x: 0, y: 0, z: 0}
  forwardVector: {x: 0, y: 0, z: 0}
  rightVector: {x: 0, y: 0, z: 0}
  mainColor:
    r: 1
    g: 1
    b: 1
    a: 1
  otherColor:
    r: 0
    g: 0
    b: 0
    a: 1
  createdObjects: []
  timeCounter: 0
  canInteract: 1
  mass: 1
  forceParticle: 1
  collidedGO: {fileID: 0}
  indexFloatSet: 0
  indexStringSet: 0
  hasRigidbody: 0
  hasCollider: 0
  hasRenderer: 0
--- !u!1 &1744324902
GameObject:
  m_ObjectHideFlags: 0
  m_PrefabParentObject: {fileID: 134618, guid: 76a4d6006edd54006958d944233f9328, type: 2}
  m_PrefabInternal: {fileID: 1933189143}
  serializedVersion: 5
  m_Component:
  - component: {fileID: 1744324904}
  - component: {fileID: 1744324903}
  m_Layer: 0
  m_Name: SoundMachine
  m_TagString: Untagged
  m_Icon: {fileID: 0}
  m_NavMeshLayer: 0
  m_StaticEditorFlags: 0
  m_IsActive: 1
--- !u!114 &1744324903
MonoBehaviour:
  m_ObjectHideFlags: 0
  m_PrefabParentObject: {fileID: 11404638, guid: 76a4d6006edd54006958d944233f9328,
    type: 2}
  m_PrefabInternal: {fileID: 1933189143}
  m_GameObject: {fileID: 1744324902}
  m_Enabled: 1
  m_EditorHideFlags: 0
  m_Script: {fileID: 11500000, guid: b59540e35435245d9913a119060767b7, type: 3}
  m_Name: 
  m_EditorClassIdentifier: 
--- !u!4 &1744324904
Transform:
  m_ObjectHideFlags: 0
  m_PrefabParentObject: {fileID: 424760, guid: 76a4d6006edd54006958d944233f9328, type: 2}
  m_PrefabInternal: {fileID: 1933189143}
  m_GameObject: {fileID: 1744324902}
  m_LocalRotation: {x: 0, y: 0, z: 0, w: 1}
  m_LocalPosition: {x: 0, y: 0, z: 0}
  m_LocalScale: {x: 1, y: 1, z: 1}
  m_Children:
  - {fileID: 1795747917}
  m_Father: {fileID: 0}
  m_RootOrder: 1
  m_LocalEulerAnglesHint: {x: 0, y: 0, z: 0}
--- !u!1 &1795747916
GameObject:
  m_ObjectHideFlags: 0
  m_PrefabParentObject: {fileID: 146944, guid: 76a4d6006edd54006958d944233f9328, type: 2}
  m_PrefabInternal: {fileID: 1933189143}
  serializedVersion: 5
  m_Component:
  - component: {fileID: 1795747917}
  - component: {fileID: 1795747922}
  - component: {fileID: 1795747921}
  - component: {fileID: 1795747920}
  - component: {fileID: 1795747919}
  - component: {fileID: 1795747918}
  m_Layer: 0
  m_Name: SceneLocatorObjectPF
  m_TagString: Untagged
  m_Icon: {fileID: 0}
  m_NavMeshLayer: 0
  m_StaticEditorFlags: 0
  m_IsActive: 1
--- !u!4 &1795747917
Transform:
  m_ObjectHideFlags: 0
  m_PrefabParentObject: {fileID: 469586, guid: 76a4d6006edd54006958d944233f9328, type: 2}
  m_PrefabInternal: {fileID: 1933189143}
  m_GameObject: {fileID: 1795747916}
  m_LocalRotation: {x: 0, y: 0, z: 0, w: 1}
  m_LocalPosition: {x: 0, y: 0, z: 0}
  m_LocalScale: {x: 5, y: 5, z: 5}
  m_Children: []
  m_Father: {fileID: 1744324904}
  m_RootOrder: 0
  m_LocalEulerAnglesHint: {x: 0, y: 0, z: 0}
--- !u!114 &1795747918
MonoBehaviour:
  m_ObjectHideFlags: 0
  m_PrefabParentObject: {fileID: 11469752, guid: 76a4d6006edd54006958d944233f9328,
    type: 2}
  m_PrefabInternal: {fileID: 1933189143}
  m_GameObject: {fileID: 1795747916}
  m_Enabled: 1
  m_EditorHideFlags: 0
  m_Script: {fileID: 11500000, guid: 3cf3bad438a884f948c7af4f2d4abeeb, type: 3}
  m_Name: 
  m_EditorClassIdentifier: 
--- !u!54 &1795747919
Rigidbody:
  m_ObjectHideFlags: 0
  m_PrefabParentObject: {fileID: 5437110, guid: 76a4d6006edd54006958d944233f9328,
    type: 2}
  m_PrefabInternal: {fileID: 1933189143}
  m_GameObject: {fileID: 1795747916}
  serializedVersion: 2
  m_Mass: 1
  m_Drag: 0
  m_AngularDrag: 0.05
  m_UseGravity: 0
  m_IsKinematic: 0
  m_Interpolate: 0
  m_Constraints: 4
  m_CollisionDetection: 0
--- !u!23 &1795747920
MeshRenderer:
  m_ObjectHideFlags: 0
  m_PrefabParentObject: {fileID: 2338066, guid: 76a4d6006edd54006958d944233f9328,
    type: 2}
  m_PrefabInternal: {fileID: 1933189143}
  m_GameObject: {fileID: 1795747916}
  m_Enabled: 1
  m_CastShadows: 1
  m_ReceiveShadows: 1
  m_MotionVectors: 1
  m_LightProbeUsage: 1
  m_ReflectionProbeUsage: 1
  m_Materials:
  - {fileID: 2100000, guid: 6872bee55b3cc4499a09503edebbe108, type: 2}
  m_StaticBatchInfo:
    firstSubMesh: 0
    subMeshCount: 0
  m_StaticBatchRoot: {fileID: 0}
  m_ProbeAnchor: {fileID: 0}
  m_LightProbeVolumeOverride: {fileID: 0}
  m_ScaleInLightmap: 1
  m_PreserveUVs: 1
  m_IgnoreNormalsForChartDetection: 0
  m_ImportantGI: 0
  m_SelectedEditorRenderState: 3
  m_MinimumChartSize: 4
  m_AutoUVMaxDistance: 0.5
  m_AutoUVMaxAngle: 89
  m_LightmapParameters: {fileID: 0}
  m_SortingLayerID: 0
  m_SortingLayer: 0
  m_SortingOrder: 0
--- !u!135 &1795747921
SphereCollider:
  m_ObjectHideFlags: 0
  m_PrefabParentObject: {fileID: 13534306, guid: 76a4d6006edd54006958d944233f9328,
    type: 2}
  m_PrefabInternal: {fileID: 1933189143}
  m_GameObject: {fileID: 1795747916}
  m_Material: {fileID: 0}
  m_IsTrigger: 0
  m_Enabled: 1
  serializedVersion: 2
  m_Radius: 0.5
  m_Center: {x: 0, y: 0, z: 0}
--- !u!33 &1795747922
MeshFilter:
  m_ObjectHideFlags: 0
  m_PrefabParentObject: {fileID: 3390842, guid: 76a4d6006edd54006958d944233f9328,
    type: 2}
  m_PrefabInternal: {fileID: 1933189143}
  m_GameObject: {fileID: 1795747916}
  m_Mesh: {fileID: 10207, guid: 0000000000000000e000000000000000, type: 0}
--- !u!1 &1879710461
GameObject:
  m_ObjectHideFlags: 0
  m_PrefabParentObject: {fileID: 0}
  m_PrefabInternal: {fileID: 0}
  serializedVersion: 5
  m_Component:
  - component: {fileID: 1879710465}
  - component: {fileID: 1879710464}
  - component: {fileID: 1879710463}
  - component: {fileID: 1879710462}
  - component: {fileID: 1879710466}
  m_Layer: 0
  m_Name: Exit
  m_TagString: Finish
  m_Icon: {fileID: 0}
  m_NavMeshLayer: 0
  m_StaticEditorFlags: 0
  m_IsActive: 1
--- !u!65 &1879710462
BoxCollider:
  m_ObjectHideFlags: 0
  m_PrefabParentObject: {fileID: 0}
  m_PrefabInternal: {fileID: 0}
  m_GameObject: {fileID: 1879710461}
  m_Material: {fileID: 0}
  m_IsTrigger: 1
  m_Enabled: 1
  serializedVersion: 2
  m_Size: {x: 1.0000001, y: 1.9999996, z: 1}
  m_Center: {x: 0.000000059604645, y: 0, z: -0.000000119209275}
--- !u!23 &1879710463
MeshRenderer:
  m_ObjectHideFlags: 0
  m_PrefabParentObject: {fileID: 0}
  m_PrefabInternal: {fileID: 0}
  m_GameObject: {fileID: 1879710461}
  m_Enabled: 1
  m_CastShadows: 1
  m_ReceiveShadows: 1
  m_MotionVectors: 1
  m_LightProbeUsage: 1
  m_ReflectionProbeUsage: 1
  m_Materials:
  - {fileID: 2100000, guid: 8d239d7671fb447b2b6b2a3ebf78dbd9, type: 2}
  m_StaticBatchInfo:
    firstSubMesh: 0
    subMeshCount: 0
  m_StaticBatchRoot: {fileID: 0}
  m_ProbeAnchor: {fileID: 0}
  m_LightProbeVolumeOverride: {fileID: 0}
  m_ScaleInLightmap: 1
  m_PreserveUVs: 1
  m_IgnoreNormalsForChartDetection: 0
  m_ImportantGI: 0
  m_SelectedEditorRenderState: 3
  m_MinimumChartSize: 4
  m_AutoUVMaxDistance: 0.5
  m_AutoUVMaxAngle: 89
  m_LightmapParameters: {fileID: 0}
  m_SortingLayerID: 0
  m_SortingLayer: 0
  m_SortingOrder: 0
--- !u!33 &1879710464
MeshFilter:
  m_ObjectHideFlags: 0
  m_PrefabParentObject: {fileID: 0}
  m_PrefabInternal: {fileID: 0}
  m_GameObject: {fileID: 1879710461}
  m_Mesh: {fileID: 10206, guid: 0000000000000000e000000000000000, type: 0}
--- !u!4 &1879710465
Transform:
  m_ObjectHideFlags: 0
  m_PrefabParentObject: {fileID: 0}
  m_PrefabInternal: {fileID: 0}
  m_GameObject: {fileID: 1879710461}
  m_LocalRotation: {x: 0.7071068, y: 0, z: 0, w: 0.7071067}
  m_LocalPosition: {x: 2.6253042, y: 4.5, z: 49}
  m_LocalScale: {x: 20, y: 5, z: 20}
  m_Children: []
  m_Father: {fileID: 0}
  m_RootOrder: 6
  m_LocalEulerAnglesHint: {x: 0, y: 0, z: 0}
--- !u!114 &1879710466
MonoBehaviour:
  m_ObjectHideFlags: 0
  m_PrefabParentObject: {fileID: 0}
  m_PrefabInternal: {fileID: 0}
  m_GameObject: {fileID: 1879710461}
  m_Enabled: 1
  m_EditorHideFlags: 0
  m_Script: {fileID: 11500000, guid: 3cf3bad438a884f948c7af4f2d4abeeb, type: 3}
  m_Name: 
  m_EditorClassIdentifier: 
  behaviorNotes: EMPTY BEHAVIOR DESCRIPTION!
  realGravity: {x: 0, y: 0, z: 0}
  magneticForce: 0
  electroMagneticProperty: 0
  eventList:
  - eventName: ResetScene_EscapeKey
    amount: 0
    otherAmount: 0
    vectorStorage: {x: 0, y: 0, z: 0}
    word: 
    playerAction: 6
    gameAction: 11
    relation: 0
    filterType: 0
    group: 
    force: 0
    objFilter: 
    msgFilter: 
    key: 27
    inputType: 0
    inputString: None
    letters: _
    showEvent: 1
    editorPosition: {x: 0, y: 0, z: 0}
    on: 0
    alive: 1
  systemEventList: []
  objectAccess: []
  objectPause: 0
  expandPrivates: 1
  dontDestroy: 0
  useRealGravity: 0
  useFakeGravity: 0
  valueStorage: 0
  stringStorage: 
  vectorModifier: {x: 0, y: 0, z: 0}
  storedPosition: {x: 0, y: 0, z: 0}
  storedRotation: {x: 0, y: 0, z: 0}
  storedRelativeRotation: {x: 0, y: 0, z: 0}
  storedForces: {x: 0, y: 0, z: 0}
  upVector: {x: 0, y: 0, z: 0}
  forwardVector: {x: 0, y: 0, z: 0}
  rightVector: {x: 0, y: 0, z: 0}
  mainColor:
    r: 1
    g: 1
    b: 1
    a: 1
  otherColor:
    r: 0
    g: 0
    b: 0
    a: 1
  createdObjects: []
  timeCounter: 0
  canInteract: 1
  mass: 1
  forceParticle: 1
  collidedGO: {fileID: 0}
  indexFloatSet: 0
  indexStringSet: 0
  hasRigidbody: 0
  hasCollider: 0
  hasRenderer: 0
--- !u!1001 &1933189143
Prefab:
  m_ObjectHideFlags: 0
  serializedVersion: 2
  m_Modification:
    m_TransformParent: {fileID: 0}
    m_Modifications:
    - target: {fileID: 424760, guid: 76a4d6006edd54006958d944233f9328, type: 2}
      propertyPath: m_LocalPosition.x
      value: 0
      objectReference: {fileID: 0}
    - target: {fileID: 424760, guid: 76a4d6006edd54006958d944233f9328, type: 2}
      propertyPath: m_LocalPosition.y
      value: 0
      objectReference: {fileID: 0}
    - target: {fileID: 424760, guid: 76a4d6006edd54006958d944233f9328, type: 2}
      propertyPath: m_LocalPosition.z
      value: 0
      objectReference: {fileID: 0}
    - target: {fileID: 424760, guid: 76a4d6006edd54006958d944233f9328, type: 2}
      propertyPath: m_LocalRotation.x
      value: 0
      objectReference: {fileID: 0}
    - target: {fileID: 424760, guid: 76a4d6006edd54006958d944233f9328, type: 2}
      propertyPath: m_LocalRotation.y
      value: 0
      objectReference: {fileID: 0}
    - target: {fileID: 424760, guid: 76a4d6006edd54006958d944233f9328, type: 2}
      propertyPath: m_LocalRotation.z
      value: 0
      objectReference: {fileID: 0}
    - target: {fileID: 424760, guid: 76a4d6006edd54006958d944233f9328, type: 2}
      propertyPath: m_LocalRotation.w
      value: 1
      objectReference: {fileID: 0}
    - target: {fileID: 424760, guid: 76a4d6006edd54006958d944233f9328, type: 2}
      propertyPath: m_RootOrder
      value: 1
      objectReference: {fileID: 0}
    - target: {fileID: 11469752, guid: 76a4d6006edd54006958d944233f9328, type: 2}
      propertyPath: eventList.Array.data[0].letters
      value: _
      objectReference: {fileID: 0}
    m_RemovedComponents: []
  m_ParentPrefab: {fileID: 100100000, guid: 76a4d6006edd54006958d944233f9328, type: 2}
  m_RootGameObject: {fileID: 1744324902}
  m_IsPrefabParent: 0
