%YAML 1.1
%TAG !u! tag:unity3d.com,2011:
--- !u!1001 &100100000
Prefab:
  m_ObjectHideFlags: 1
  serializedVersion: 2
  m_Modification:
    m_TransformParent: {fileID: 0}
    m_Modifications: []
    m_RemovedComponents: []
  m_ParentPrefab: {fileID: 0}
  m_RootGameObject: {fileID: 1000013522667924}
  m_IsPrefabParent: 1
--- !u!1 &1000010075057990
GameObject:
  m_ObjectHideFlags: 1
  m_PrefabParentObject: {fileID: 0}
  m_PrefabInternal: {fileID: 100100000}
  serializedVersion: 5
  m_Component:
  - component: {fileID: 4000013925905050}
  - component: {fileID: 33000012124036270}
  - component: {fileID: 23000013609419464}
  - component: {fileID: 136000013718120520}
  m_Layer: 0
  m_Name: TopCharacter
  m_TagString: Untagged
  m_Icon: {fileID: 0}
  m_NavMeshLayer: 0
  m_StaticEditorFlags: 0
  m_IsActive: 1
--- !u!1 &1000010081431002
GameObject:
  m_ObjectHideFlags: 1
  m_PrefabParentObject: {fileID: 0}
  m_PrefabInternal: {fileID: 100100000}
  serializedVersion: 5
  m_Component:
  - component: {fileID: 4000013520950880}
  - component: {fileID: 33000013631972098}
  - component: {fileID: 135000013990990400}
  - component: {fileID: 23000010731336536}
  m_Layer: 0
  m_Name: Reinforcement
  m_TagString: Untagged
  m_Icon: {fileID: 0}
  m_NavMeshLayer: 0
  m_StaticEditorFlags: 0
  m_IsActive: 1
--- !u!1 &1000010426200046
GameObject:
  m_ObjectHideFlags: 1
  m_PrefabParentObject: {fileID: 0}
  m_PrefabInternal: {fileID: 100100000}
  serializedVersion: 5
  m_Component:
  - component: {fileID: 4000010908565194}
  - component: {fileID: 33000011444560400}
  - component: {fileID: 136000012450342958}
  - component: {fileID: 23000012466146384}
  m_Layer: 0
  m_Name: Muzzle
  m_TagString: Untagged
  m_Icon: {fileID: 0}
  m_NavMeshLayer: 0
  m_StaticEditorFlags: 0
  m_IsActive: 1
--- !u!1 &1000010572790302
GameObject:
  m_ObjectHideFlags: 1
  m_PrefabParentObject: {fileID: 0}
  m_PrefabInternal: {fileID: 100100000}
  serializedVersion: 5
  m_Component:
  - component: {fileID: 4000013467653718}
  - component: {fileID: 33000014281123300}
  - component: {fileID: 135000012760519882}
  - component: {fileID: 23000012229870096}
  m_Layer: 0
  m_Name: CannonPeggleBall
  m_TagString: Untagged
  m_Icon: {fileID: 0}
  m_NavMeshLayer: 0
  m_StaticEditorFlags: 0
  m_IsActive: 1
--- !u!1 &1000010641932094
GameObject:
  m_ObjectHideFlags: 1
  m_PrefabParentObject: {fileID: 0}
  m_PrefabInternal: {fileID: 100100000}
  serializedVersion: 5
  m_Component:
  - component: {fileID: 4000012599817668}
  - component: {fileID: 33000011449628300}
  - component: {fileID: 135000010013119248}
  - component: {fileID: 23000011085385268}
  m_Layer: 0
  m_Name: Reinforcement
  m_TagString: Untagged
  m_Icon: {fileID: 0}
  m_NavMeshLayer: 0
  m_StaticEditorFlags: 0
  m_IsActive: 1
--- !u!1 &1000010718599158
GameObject:
  m_ObjectHideFlags: 0
  m_PrefabParentObject: {fileID: 0}
  m_PrefabInternal: {fileID: 100100000}
  serializedVersion: 5
  m_Component:
  - component: {fileID: 4000013304128756}
  - component: {fileID: 33000012014129060}
  - component: {fileID: 136000013051167558}
  - component: {fileID: 23000012471952480}
  m_Layer: 0
  m_Name: WheelFL
  m_TagString: Untagged
  m_Icon: {fileID: 0}
  m_NavMeshLayer: 0
  m_StaticEditorFlags: 0
  m_IsActive: 1
--- !u!1 &1000011391656584
GameObject:
  m_ObjectHideFlags: 1
  m_PrefabParentObject: {fileID: 0}
  m_PrefabInternal: {fileID: 100100000}
  serializedVersion: 5
  m_Component:
  - component: {fileID: 4000011028272470}
  - component: {fileID: 33000010833881038}
  - component: {fileID: 136000014227737888}
  - component: {fileID: 23000011535184948}
  m_Layer: 0
  m_Name: Barrell
  m_TagString: Untagged
  m_Icon: {fileID: 0}
  m_NavMeshLayer: 0
  m_StaticEditorFlags: 0
  m_IsActive: 1
--- !u!1 &1000011443083902
GameObject:
  m_ObjectHideFlags: 0
  m_PrefabParentObject: {fileID: 0}
  m_PrefabInternal: {fileID: 100100000}
  serializedVersion: 5
  m_Component:
  - component: {fileID: 4000013287676650}
  m_Layer: 0
  m_Name: Turret
  m_TagString: Untagged
  m_Icon: {fileID: 0}
  m_NavMeshLayer: 0
  m_StaticEditorFlags: 0
  m_IsActive: 1
--- !u!1 &1000011704961042
GameObject:
  m_ObjectHideFlags: 1
  m_PrefabParentObject: {fileID: 0}
  m_PrefabInternal: {fileID: 100100000}
  serializedVersion: 5
  m_Component:
  - component: {fileID: 4000013432256720}
  - component: {fileID: 33000012643687978}
  - component: {fileID: 136000011197653882}
  - component: {fileID: 23000012275807652}
  m_Layer: 0
  m_Name: Barrell
  m_TagString: Untagged
  m_Icon: {fileID: 0}
  m_NavMeshLayer: 0
  m_StaticEditorFlags: 0
  m_IsActive: 1
--- !u!1 &1000012182405556
GameObject:
  m_ObjectHideFlags: 0
  m_PrefabParentObject: {fileID: 0}
  m_PrefabInternal: {fileID: 100100000}
  serializedVersion: 5
  m_Component:
  - component: {fileID: 4000010080067484}
  - component: {fileID: 33000010482586268}
  - component: {fileID: 136000010745121140}
  - component: {fileID: 23000010070965578}
  m_Layer: 0
  m_Name: WheelRL
  m_TagString: Untagged
  m_Icon: {fileID: 0}
  m_NavMeshLayer: 0
  m_StaticEditorFlags: 0
  m_IsActive: 1
--- !u!1 &1000012901754188
GameObject:
  m_ObjectHideFlags: 0
  m_PrefabParentObject: {fileID: 0}
  m_PrefabInternal: {fileID: 100100000}
  serializedVersion: 5
  m_Component:
  - component: {fileID: 4000010495824722}
  - component: {fileID: 33000010348924058}
  - component: {fileID: 136000013100596506}
  - component: {fileID: 23000012390562720}
  m_Layer: 0
  m_Name: WheelRR
  m_TagString: Untagged
  m_Icon: {fileID: 0}
  m_NavMeshLayer: 0
  m_StaticEditorFlags: 0
  m_IsActive: 1
--- !u!1 &1000012993279518
GameObject:
  m_ObjectHideFlags: 0
  m_PrefabParentObject: {fileID: 0}
  m_PrefabInternal: {fileID: 100100000}
  serializedVersion: 5
  m_Component:
  - component: {fileID: 4000012123923920}
  - component: {fileID: 33000011031917312}
  - component: {fileID: 136000011468494858}
  - component: {fileID: 23000011748800820}
  m_Layer: 0
  m_Name: WheelFR
  m_TagString: Untagged
  m_Icon: {fileID: 0}
  m_NavMeshLayer: 0
  m_StaticEditorFlags: 0
  m_IsActive: 1
--- !u!1 &1000013484704952
GameObject:
  m_ObjectHideFlags: 0
  m_PrefabParentObject: {fileID: 0}
  m_PrefabInternal: {fileID: 100100000}
  serializedVersion: 5
  m_Component:
  - component: {fileID: 4000014093988686}
  - component: {fileID: 33000011416728064}
  - component: {fileID: 65000010790187468}
  - component: {fileID: 23000012866458364}
  - component: {fileID: 114000011733376308}
  m_Layer: 0
  m_Name: Roof
  m_TagString: Untagged
  m_Icon: {fileID: 0}
  m_NavMeshLayer: 0
  m_StaticEditorFlags: 0
  m_IsActive: 1
--- !u!1 &1000013514942388
GameObject:
  m_ObjectHideFlags: 1
  m_PrefabParentObject: {fileID: 0}
  m_PrefabInternal: {fileID: 100100000}
  serializedVersion: 5
  m_Component:
  - component: {fileID: 4000010150294946}
  - component: {fileID: 33000012915928190}
  - component: {fileID: 23000013866003146}
  - component: {fileID: 136000012832021058}
  m_Layer: 0
  m_Name: TopCharacter
  m_TagString: Untagged
  m_Icon: {fileID: 0}
  m_NavMeshLayer: 0
  m_StaticEditorFlags: 0
  m_IsActive: 1
--- !u!1 &1000013522667924
GameObject:
  m_ObjectHideFlags: 0
  m_PrefabParentObject: {fileID: 0}
  m_PrefabInternal: {fileID: 100100000}
  serializedVersion: 5
  m_Component:
  - component: {fileID: 4000011717195858}
  - component: {fileID: 54000012615937556}
  - component: {fileID: 114000010591303408}
  m_Layer: 0
  m_Name: Car
  m_TagString: Untagged
  m_Icon: {fileID: 0}
  m_NavMeshLayer: 0
  m_StaticEditorFlags: 0
  m_IsActive: 1
--- !u!1 &1000013605094746
GameObject:
  m_ObjectHideFlags: 1
  m_PrefabParentObject: {fileID: 0}
  m_PrefabInternal: {fileID: 100100000}
  serializedVersion: 5
  m_Component:
  - component: {fileID: 4000013053192814}
  - component: {fileID: 33000010840364258}
  - component: {fileID: 136000010703230070}
  - component: {fileID: 23000010131337708}
  m_Layer: 0
  m_Name: Muzzle
  m_TagString: Untagged
  m_Icon: {fileID: 0}
  m_NavMeshLayer: 0
  m_StaticEditorFlags: 0
  m_IsActive: 1
--- !u!1 &1000013837048658
GameObject:
  m_ObjectHideFlags: 1
  m_PrefabParentObject: {fileID: 0}
  m_PrefabInternal: {fileID: 100100000}
  serializedVersion: 5
  m_Component:
  - component: {fileID: 4000012377435612}
  - component: {fileID: 33000013848112672}
  - component: {fileID: 135000012206532244}
  - component: {fileID: 23000012401481230}
  - component: {fileID: 54000010161852334}
  m_Layer: 0
  m_Name: Rotator
  m_TagString: Untagged
  m_Icon: {fileID: 0}
  m_NavMeshLayer: 0
  m_StaticEditorFlags: 0
  m_IsActive: 1
--- !u!1 &1000013848188146
GameObject:
  m_ObjectHideFlags: 1
  m_PrefabParentObject: {fileID: 0}
  m_PrefabInternal: {fileID: 100100000}
  serializedVersion: 5
  m_Component:
  - component: {fileID: 4000013234374926}
  - component: {fileID: 33000013606600366}
  - component: {fileID: 136000010511196004}
  - component: {fileID: 23000012821089654}
  m_Layer: 0
  m_Name: Cylinder
  m_TagString: Untagged
  m_Icon: {fileID: 0}
  m_NavMeshLayer: 0
  m_StaticEditorFlags: 0
  m_IsActive: 1
--- !u!1 &1000013969352854
GameObject:
  m_ObjectHideFlags: 1
  m_PrefabParentObject: {fileID: 0}
  m_PrefabInternal: {fileID: 100100000}
  serializedVersion: 5
  m_Component:
  - component: {fileID: 4000011767734992}
  - component: {fileID: 33000011735736514}
  - component: {fileID: 135000013526735802}
  - component: {fileID: 23000012550108408}
  m_Layer: 0
  m_Name: CannonPeggleBall
  m_TagString: Untagged
  m_Icon: {fileID: 0}
  m_NavMeshLayer: 0
  m_StaticEditorFlags: 0
  m_IsActive: 1
--- !u!1 &1000014187698876
GameObject:
  m_ObjectHideFlags: 0
  m_PrefabParentObject: {fileID: 0}
  m_PrefabInternal: {fileID: 100100000}
  serializedVersion: 5
  m_Component:
  - component: {fileID: 4000012923089118}
  - component: {fileID: 33000012835626888}
  - component: {fileID: 65000013555761440}
  - component: {fileID: 23000012487054722}
  m_Layer: 0
  m_Name: Chasis
  m_TagString: Untagged
  m_Icon: {fileID: 0}
  m_NavMeshLayer: 0
  m_StaticEditorFlags: 0
  m_IsActive: 1
--- !u!1 &1000014205868062
GameObject:
  m_ObjectHideFlags: 1
  m_PrefabParentObject: {fileID: 0}
  m_PrefabInternal: {fileID: 100100000}
  serializedVersion: 5
  m_Component:
  - component: {fileID: 4000011484542202}
  - component: {fileID: 33000010678502460}
  - component: {fileID: 135000010226275716}
  - component: {fileID: 23000011855530320}
  - component: {fileID: 54000011042737462}
  m_Layer: 0
  m_Name: Rotator
  m_TagString: Untagged
  m_Icon: {fileID: 0}
  m_NavMeshLayer: 0
  m_StaticEditorFlags: 0
  m_IsActive: 1
--- !u!4 &4000010080067484
Transform:
  m_ObjectHideFlags: 1
  m_PrefabParentObject: {fileID: 0}
  m_PrefabInternal: {fileID: 100100000}
  m_GameObject: {fileID: 1000012182405556}
  m_LocalRotation: {x: 0.707106, y: 0, z: 0, w: 0.7071076}
  m_LocalPosition: {x: -1, y: 0, z: 1}
  m_LocalScale: {x: 1, y: 0.15, z: 1}
  m_Children: []
  m_Father: {fileID: 4000011717195858}
  m_RootOrder: 1
  m_LocalEulerAnglesHint: {x: 0, y: 0, z: 0}
--- !u!4 &4000010150294946
Transform:
  m_ObjectHideFlags: 1
  m_PrefabParentObject: {fileID: 0}
  m_PrefabInternal: {fileID: 100100000}
  m_GameObject: {fileID: 1000013514942388}
  m_LocalRotation: {x: 0, y: 0, z: 0, w: 1}
  m_LocalPosition: {x: -0.46, y: 0, z: 0}
  m_LocalScale: {x: 0.46039167, y: 0.6563943, z: 0.460392}
  m_Children: []
  m_Father: {fileID: 4000012377435612}
  m_RootOrder: 4
  m_LocalEulerAnglesHint: {x: 0, y: 0, z: 0}
--- !u!4 &4000010495824722
Transform:
  m_ObjectHideFlags: 1
  m_PrefabParentObject: {fileID: 0}
  m_PrefabInternal: {fileID: 100100000}
  m_GameObject: {fileID: 1000012901754188}
  m_LocalRotation: {x: 0.707106, y: 0, z: 0, w: 0.7071076}
  m_LocalPosition: {x: -1, y: 0, z: -1}
  m_LocalScale: {x: 1, y: 0.15, z: 1}
  m_Children: []
  m_Father: {fileID: 4000011717195858}
  m_RootOrder: 0
  m_LocalEulerAnglesHint: {x: 0, y: 0, z: 0}
--- !u!4 &4000010908565194
Transform:
  m_ObjectHideFlags: 1
  m_PrefabParentObject: {fileID: 0}
  m_PrefabInternal: {fileID: 100100000}
  m_GameObject: {fileID: 1000010426200046}
  m_LocalRotation: {x: -0.4999988, y: 0.5000002, z: -0.50000226, w: -0.4999989}
  m_LocalPosition: {x: -1.0345691, y: 0, z: 0}
  m_LocalScale: {x: 0.18415675, y: 0.04603916, z: 0.6563943}
  m_Children: []
  m_Father: {fileID: 4000012377435612}
  m_RootOrder: 2
  m_LocalEulerAnglesHint: {x: 0, y: 0, z: 0}
--- !u!4 &4000011028272470
Transform:
  m_ObjectHideFlags: 1
  m_PrefabParentObject: {fileID: 0}
  m_PrefabInternal: {fileID: 100100000}
  m_GameObject: {fileID: 1000011391656584}
  m_LocalRotation: {x: 0.5, y: 0.49999997, z: -0.5000001, w: 0.49999994}
  m_LocalPosition: {x: -0.8126602, y: 0, z: 0}
  m_LocalScale: {x: 0.13811758, y: 0.27623495, z: 0.49229562}
  m_Children: []
  m_Father: {fileID: 4000012377435612}
  m_RootOrder: 0
  m_LocalEulerAnglesHint: {x: 0, y: 0, z: 0}
--- !u!4 &4000011484542202
Transform:
  m_ObjectHideFlags: 1
  m_PrefabParentObject: {fileID: 0}
  m_PrefabInternal: {fileID: 100100000}
  m_GameObject: {fileID: 1000014205868062}
  m_LocalRotation: {x: 0, y: 0.7071075, z: 0, w: -0.7071062}
  m_LocalPosition: {x: 0, y: -20, z: 0}
  m_LocalScale: {x: 10, y: 3.046949, z: 10}
  m_Children:
  - {fileID: 4000013432256720}
  - {fileID: 4000013520950880}
  - {fileID: 4000013053192814}
  - {fileID: 4000013467653718}
  - {fileID: 4000013925905050}
  m_Father: {fileID: 4000013287676650}
  m_RootOrder: 1
  m_LocalEulerAnglesHint: {x: 0, y: 0, z: 0}
--- !u!4 &4000011717195858
Transform:
  m_ObjectHideFlags: 1
  m_PrefabParentObject: {fileID: 0}
  m_PrefabInternal: {fileID: 100100000}
  m_GameObject: {fileID: 1000013522667924}
  m_LocalRotation: {x: 0, y: 0, z: 0, w: 1}
  m_LocalPosition: {x: 48.552795, y: 49.5, z: -12.690424}
  m_LocalScale: {x: 1, y: 1, z: 1}
  m_Children:
  - {fileID: 4000010495824722}
  - {fileID: 4000010080067484}
  - {fileID: 4000012923089118}
  - {fileID: 4000014093988686}
  - {fileID: 4000013287676650}
  - {fileID: 4000013304128756}
  - {fileID: 4000012123923920}
  m_Father: {fileID: 0}
  m_RootOrder: 0
  m_LocalEulerAnglesHint: {x: 0, y: 0, z: 0}
--- !u!4 &4000011767734992
Transform:
  m_ObjectHideFlags: 1
  m_PrefabParentObject: {fileID: 0}
  m_PrefabInternal: {fileID: 100100000}
  m_GameObject: {fileID: 1000013969352854}
  m_LocalRotation: {x: 0, y: 0, z: 0, w: 1}
  m_LocalPosition: {x: -1.0888952, y: -0, z: -0.002764347}
  m_LocalScale: {x: 0.1, y: 0.1, z: 0.1}
  m_Children: []
  m_Father: {fileID: 4000012377435612}
  m_RootOrder: 3
  m_LocalEulerAnglesHint: {x: 0, y: 0, z: 0}
--- !u!4 &4000012123923920
Transform:
  m_ObjectHideFlags: 1
  m_PrefabParentObject: {fileID: 0}
  m_PrefabInternal: {fileID: 100100000}
  m_GameObject: {fileID: 1000012993279518}
  m_LocalRotation: {x: 0.707106, y: 0, z: 0, w: 0.7071076}
  m_LocalPosition: {x: 1.498, y: 0, z: -1}
  m_LocalScale: {x: 0.75, y: 0.15, z: 0.75}
  m_Children:
  - {fileID: 4000013234374926}
  m_Father: {fileID: 4000011717195858}
  m_RootOrder: 6
  m_LocalEulerAnglesHint: {x: 0, y: 0, z: 0}
--- !u!4 &4000012377435612
Transform:
  m_ObjectHideFlags: 1
  m_PrefabParentObject: {fileID: 0}
  m_PrefabInternal: {fileID: 100100000}
  m_GameObject: {fileID: 1000013837048658}
  m_LocalRotation: {x: 0, y: 0.7071077, z: 0, w: 0.70710593}
  m_LocalPosition: {x: 0, y: -20, z: 0}
  m_LocalScale: {x: 10, y: 3.046949, z: 10}
  m_Children:
  - {fileID: 4000011028272470}
  - {fileID: 4000012599817668}
  - {fileID: 4000010908565194}
  - {fileID: 4000011767734992}
  - {fileID: 4000010150294946}
  m_Father: {fileID: 4000013287676650}
  m_RootOrder: 0
  m_LocalEulerAnglesHint: {x: 0, y: 0, z: 0}
--- !u!4 &4000012599817668
Transform:
  m_ObjectHideFlags: 1
  m_PrefabParentObject: {fileID: 0}
  m_PrefabInternal: {fileID: 100100000}
  m_GameObject: {fileID: 1000010641932094}
  m_LocalRotation: {x: -0.4999988, y: 0.5000002, z: -0.50000226, w: -0.4999989}
  m_LocalPosition: {x: -0.6929582, y: 0, z: 0}
  m_LocalScale: {x: 0.27623513, y: 0.09207832, z: 0.98459125}
  m_Children: []
  m_Father: {fileID: 4000012377435612}
  m_RootOrder: 1
  m_LocalEulerAnglesHint: {x: 0, y: 0, z: 0}
--- !u!4 &4000012923089118
Transform:
  m_ObjectHideFlags: 1
  m_PrefabParentObject: {fileID: 0}
  m_PrefabInternal: {fileID: 100100000}
  m_GameObject: {fileID: 1000014187698876}
  m_LocalRotation: {x: 0, y: 0, z: 0, w: 1}
  m_LocalPosition: {x: 0, y: 0.5, z: 0}
  m_LocalScale: {x: 3, y: 1, z: 2}
  m_Children: []
  m_Father: {fileID: 4000011717195858}
  m_RootOrder: 2
  m_LocalEulerAnglesHint: {x: 0, y: 0, z: 0}
--- !u!4 &4000013053192814
Transform:
  m_ObjectHideFlags: 1
  m_PrefabParentObject: {fileID: 0}
  m_PrefabInternal: {fileID: 100100000}
  m_GameObject: {fileID: 1000013605094746}
  m_LocalRotation: {x: -0.4999988, y: 0.5000002, z: -0.50000226, w: -0.4999989}
  m_LocalPosition: {x: -1.0345691, y: 0, z: 0}
  m_LocalScale: {x: 0.18415675, y: 0.04603916, z: 0.6563943}
  m_Children: []
  m_Father: {fileID: 4000011484542202}
  m_RootOrder: 2
  m_LocalEulerAnglesHint: {x: 0, y: 0, z: 0}
--- !u!4 &4000013234374926
Transform:
  m_ObjectHideFlags: 1
  m_PrefabParentObject: {fileID: 0}
  m_PrefabInternal: {fileID: 100100000}
  m_GameObject: {fileID: 1000013848188146}
  m_LocalRotation: {x: -0.707106, y: 0, z: 0, w: 0.7071076}
  m_LocalPosition: {x: -0.014666717, y: -0.9748131, z: -0.020000411}
  m_LocalScale: {x: 0.33333334, y: 0.26666668, z: 1.6666666}
  m_Children: []
  m_Father: {fileID: 4000012123923920}
  m_RootOrder: 0
  m_LocalEulerAnglesHint: {x: 0, y: 0, z: 0}
--- !u!4 &4000013287676650
Transform:
  m_ObjectHideFlags: 1
  m_PrefabParentObject: {fileID: 0}
  m_PrefabInternal: {fileID: 100100000}
  m_GameObject: {fileID: 1000011443083902}
  m_LocalRotation: {x: 0, y: 0, z: 0, w: 1}
  m_LocalPosition: {x: 1, y: 3, z: 0}
  m_LocalScale: {x: 0.1, y: 0.1, z: 0.1}
  m_Children:
  - {fileID: 4000012377435612}
  - {fileID: 4000011484542202}
  m_Father: {fileID: 4000011717195858}
  m_RootOrder: 4
  m_LocalEulerAnglesHint: {x: 0, y: 0, z: 0}
--- !u!4 &4000013304128756
Transform:
  m_ObjectHideFlags: 1
  m_PrefabParentObject: {fileID: 0}
  m_PrefabInternal: {fileID: 100100000}
  m_GameObject: {fileID: 1000010718599158}
  m_LocalRotation: {x: 0.707106, y: 0, z: 0, w: 0.7071076}
  m_LocalPosition: {x: 1.498, y: 0, z: 1}
  m_LocalScale: {x: 0.75, y: 0.15, z: 0.75}
  m_Children: []
  m_Father: {fileID: 4000011717195858}
  m_RootOrder: 5
  m_LocalEulerAnglesHint: {x: 0, y: 0, z: 0}
--- !u!4 &4000013432256720
Transform:
  m_ObjectHideFlags: 1
  m_PrefabParentObject: {fileID: 0}
  m_PrefabInternal: {fileID: 100100000}
  m_GameObject: {fileID: 1000011704961042}
  m_LocalRotation: {x: 0.5, y: 0.49999997, z: -0.5000001, w: 0.49999994}
  m_LocalPosition: {x: -0.8126602, y: 0, z: 0}
  m_LocalScale: {x: 0.13811758, y: 0.27623495, z: 0.49229562}
  m_Children: []
  m_Father: {fileID: 4000011484542202}
  m_RootOrder: 0
  m_LocalEulerAnglesHint: {x: 0, y: 0, z: 0}
--- !u!4 &4000013467653718
Transform:
  m_ObjectHideFlags: 1
  m_PrefabParentObject: {fileID: 0}
  m_PrefabInternal: {fileID: 100100000}
  m_GameObject: {fileID: 1000010572790302}
  m_LocalRotation: {x: 0, y: 0, z: 0, w: 1}
  m_LocalPosition: {x: -1.0888952, y: -0, z: -0.002764347}
  m_LocalScale: {x: 0.1, y: 0.1, z: 0.1}
  m_Children: []
  m_Father: {fileID: 4000011484542202}
  m_RootOrder: 3
  m_LocalEulerAnglesHint: {x: 0, y: 0, z: 0}
--- !u!4 &4000013520950880
Transform:
  m_ObjectHideFlags: 1
  m_PrefabParentObject: {fileID: 0}
  m_PrefabInternal: {fileID: 100100000}
  m_GameObject: {fileID: 1000010081431002}
  m_LocalRotation: {x: -0.4999988, y: 0.5000002, z: -0.50000226, w: -0.4999989}
  m_LocalPosition: {x: -0.6929582, y: 0, z: 0}
  m_LocalScale: {x: 0.27623513, y: 0.09207832, z: 0.98459125}
  m_Children: []
  m_Father: {fileID: 4000011484542202}
  m_RootOrder: 1
  m_LocalEulerAnglesHint: {x: 0, y: 0, z: 0}
--- !u!4 &4000013925905050
Transform:
  m_ObjectHideFlags: 1
  m_PrefabParentObject: {fileID: 0}
  m_PrefabInternal: {fileID: 100100000}
  m_GameObject: {fileID: 1000010075057990}
  m_LocalRotation: {x: 0, y: 0, z: 0, w: 1}
  m_LocalPosition: {x: -0.46, y: 0, z: 0}
  m_LocalScale: {x: 0.46039167, y: 0.6563943, z: 0.460392}
  m_Children: []
  m_Father: {fileID: 4000011484542202}
  m_RootOrder: 4
  m_LocalEulerAnglesHint: {x: 0, y: 0, z: 0}
--- !u!4 &4000014093988686
Transform:
  m_ObjectHideFlags: 1
  m_PrefabParentObject: {fileID: 0}
  m_PrefabInternal: {fileID: 100100000}
  m_GameObject: {fileID: 1000013484704952}
  m_LocalRotation: {x: 0, y: 0, z: 0.38268334, w: 0.9238796}
  m_LocalPosition: {x: -0.381, y: 1, z: 0}
  m_LocalScale: {x: 1, y: 1, z: 1.75}
  m_Children: []
  m_Father: {fileID: 4000011717195858}
  m_RootOrder: 3
  m_LocalEulerAnglesHint: {x: 0, y: 0, z: 0}
--- !u!23 &23000010070965578
MeshRenderer:
  m_ObjectHideFlags: 1
  m_PrefabParentObject: {fileID: 0}
  m_PrefabInternal: {fileID: 100100000}
  m_GameObject: {fileID: 1000012182405556}
  m_Enabled: 1
  m_CastShadows: 1
  m_ReceiveShadows: 1
  m_MotionVectors: 1
  m_LightProbeUsage: 1
  m_ReflectionProbeUsage: 1
  m_Materials:
  - {fileID: 2100000, guid: 621ab8a0bb44b4830b883dd8f4119219, type: 2}
  m_StaticBatchInfo:
    firstSubMesh: 0
    subMeshCount: 0
  m_StaticBatchRoot: {fileID: 0}
  m_ProbeAnchor: {fileID: 0}
  m_LightProbeVolumeOverride: {fileID: 0}
  m_ScaleInLightmap: 1
  m_PreserveUVs: 1
  m_IgnoreNormalsForChartDetection: 0
  m_ImportantGI: 0
  m_SelectedEditorRenderState: 3
  m_MinimumChartSize: 4
  m_AutoUVMaxDistance: 0.5
  m_AutoUVMaxAngle: 89
  m_LightmapParameters: {fileID: 0}
  m_SortingLayerID: 0
  m_SortingLayer: 0
  m_SortingOrder: 0
--- !u!23 &23000010131337708
MeshRenderer:
  m_ObjectHideFlags: 1
  m_PrefabParentObject: {fileID: 0}
  m_PrefabInternal: {fileID: 100100000}
  m_GameObject: {fileID: 1000013605094746}
  m_Enabled: 1
  m_CastShadows: 1
  m_ReceiveShadows: 0
  m_MotionVectors: 1
  m_LightProbeUsage: 1
  m_ReflectionProbeUsage: 1
  m_Materials:
  - {fileID: 2100000, guid: bfd1c81e3fdef46ea9195a733cbf9175, type: 2}
  m_StaticBatchInfo:
    firstSubMesh: 0
    subMeshCount: 0
  m_StaticBatchRoot: {fileID: 0}
  m_ProbeAnchor: {fileID: 0}
  m_LightProbeVolumeOverride: {fileID: 0}
  m_ScaleInLightmap: 1
  m_PreserveUVs: 1
  m_IgnoreNormalsForChartDetection: 0
  m_ImportantGI: 0
  m_SelectedEditorRenderState: 3
  m_MinimumChartSize: 4
  m_AutoUVMaxDistance: 0.5
  m_AutoUVMaxAngle: 89
  m_LightmapParameters: {fileID: 0}
  m_SortingLayerID: 0
  m_SortingLayer: 0
  m_SortingOrder: 0
--- !u!23 &23000010731336536
MeshRenderer:
  m_ObjectHideFlags: 1
  m_PrefabParentObject: {fileID: 0}
  m_PrefabInternal: {fileID: 100100000}
  m_GameObject: {fileID: 1000010081431002}
  m_Enabled: 1
  m_CastShadows: 1
  m_ReceiveShadows: 0
  m_MotionVectors: 1
  m_LightProbeUsage: 1
  m_ReflectionProbeUsage: 1
  m_Materials:
  - {fileID: 2100000, guid: bfd1c81e3fdef46ea9195a733cbf9175, type: 2}
  m_StaticBatchInfo:
    firstSubMesh: 0
    subMeshCount: 0
  m_StaticBatchRoot: {fileID: 0}
  m_ProbeAnchor: {fileID: 0}
  m_LightProbeVolumeOverride: {fileID: 0}
  m_ScaleInLightmap: 1
  m_PreserveUVs: 1
  m_IgnoreNormalsForChartDetection: 0
  m_ImportantGI: 0
  m_SelectedEditorRenderState: 3
  m_MinimumChartSize: 4
  m_AutoUVMaxDistance: 0.5
  m_AutoUVMaxAngle: 89
  m_LightmapParameters: {fileID: 0}
  m_SortingLayerID: 0
  m_SortingLayer: 0
  m_SortingOrder: 0
--- !u!23 &23000011085385268
MeshRenderer:
  m_ObjectHideFlags: 1
  m_PrefabParentObject: {fileID: 0}
  m_PrefabInternal: {fileID: 100100000}
  m_GameObject: {fileID: 1000010641932094}
  m_Enabled: 1
  m_CastShadows: 1
  m_ReceiveShadows: 0
  m_MotionVectors: 1
  m_LightProbeUsage: 1
  m_ReflectionProbeUsage: 1
  m_Materials:
  - {fileID: 2100000, guid: bfd1c81e3fdef46ea9195a733cbf9175, type: 2}
  m_StaticBatchInfo:
    firstSubMesh: 0
    subMeshCount: 0
  m_StaticBatchRoot: {fileID: 0}
  m_ProbeAnchor: {fileID: 0}
  m_LightProbeVolumeOverride: {fileID: 0}
  m_ScaleInLightmap: 1
  m_PreserveUVs: 1
  m_IgnoreNormalsForChartDetection: 0
  m_ImportantGI: 0
  m_SelectedEditorRenderState: 3
  m_MinimumChartSize: 4
  m_AutoUVMaxDistance: 0.5
  m_AutoUVMaxAngle: 89
  m_LightmapParameters: {fileID: 0}
  m_SortingLayerID: 0
  m_SortingLayer: 0
  m_SortingOrder: 0
--- !u!23 &23000011535184948
MeshRenderer:
  m_ObjectHideFlags: 1
  m_PrefabParentObject: {fileID: 0}
  m_PrefabInternal: {fileID: 100100000}
  m_GameObject: {fileID: 1000011391656584}
  m_Enabled: 1
  m_CastShadows: 1
  m_ReceiveShadows: 0
  m_MotionVectors: 1
  m_LightProbeUsage: 1
  m_ReflectionProbeUsage: 1
  m_Materials:
  - {fileID: 2100000, guid: 621ab8a0bb44b4830b883dd8f4119219, type: 2}
  m_StaticBatchInfo:
    firstSubMesh: 0
    subMeshCount: 0
  m_StaticBatchRoot: {fileID: 0}
  m_ProbeAnchor: {fileID: 0}
  m_LightProbeVolumeOverride: {fileID: 0}
  m_ScaleInLightmap: 1
  m_PreserveUVs: 1
  m_IgnoreNormalsForChartDetection: 0
  m_ImportantGI: 0
  m_SelectedEditorRenderState: 3
  m_MinimumChartSize: 4
  m_AutoUVMaxDistance: 0.5
  m_AutoUVMaxAngle: 89
  m_LightmapParameters: {fileID: 0}
  m_SortingLayerID: 0
  m_SortingLayer: 0
  m_SortingOrder: 0
--- !u!23 &23000011748800820
MeshRenderer:
  m_ObjectHideFlags: 1
  m_PrefabParentObject: {fileID: 0}
  m_PrefabInternal: {fileID: 100100000}
  m_GameObject: {fileID: 1000012993279518}
  m_Enabled: 1
  m_CastShadows: 1
  m_ReceiveShadows: 1
  m_MotionVectors: 1
  m_LightProbeUsage: 1
  m_ReflectionProbeUsage: 1
  m_Materials:
  - {fileID: 2100000, guid: 621ab8a0bb44b4830b883dd8f4119219, type: 2}
  m_StaticBatchInfo:
    firstSubMesh: 0
    subMeshCount: 0
  m_StaticBatchRoot: {fileID: 0}
  m_ProbeAnchor: {fileID: 0}
  m_LightProbeVolumeOverride: {fileID: 0}
  m_ScaleInLightmap: 1
  m_PreserveUVs: 1
  m_IgnoreNormalsForChartDetection: 0
  m_ImportantGI: 0
  m_SelectedEditorRenderState: 3
  m_MinimumChartSize: 4
  m_AutoUVMaxDistance: 0.5
  m_AutoUVMaxAngle: 89
  m_LightmapParameters: {fileID: 0}
  m_SortingLayerID: 0
  m_SortingLayer: 0
  m_SortingOrder: 0
--- !u!23 &23000011855530320
MeshRenderer:
  m_ObjectHideFlags: 1
  m_PrefabParentObject: {fileID: 0}
  m_PrefabInternal: {fileID: 100100000}
  m_GameObject: {fileID: 1000014205868062}
  m_Enabled: 1
  m_CastShadows: 1
  m_ReceiveShadows: 0
  m_MotionVectors: 1
  m_LightProbeUsage: 1
  m_ReflectionProbeUsage: 1
  m_Materials:
  - {fileID: 2100000, guid: bfd1c81e3fdef46ea9195a733cbf9175, type: 2}
  m_StaticBatchInfo:
    firstSubMesh: 0
    subMeshCount: 0
  m_StaticBatchRoot: {fileID: 0}
  m_ProbeAnchor: {fileID: 0}
  m_LightProbeVolumeOverride: {fileID: 0}
  m_ScaleInLightmap: 1
  m_PreserveUVs: 1
  m_IgnoreNormalsForChartDetection: 0
  m_ImportantGI: 0
  m_SelectedEditorRenderState: 3
  m_MinimumChartSize: 4
  m_AutoUVMaxDistance: 0.5
  m_AutoUVMaxAngle: 89
  m_LightmapParameters: {fileID: 0}
  m_SortingLayerID: 0
  m_SortingLayer: 0
  m_SortingOrder: 0
--- !u!23 &23000012229870096
MeshRenderer:
  m_ObjectHideFlags: 1
  m_PrefabParentObject: {fileID: 0}
  m_PrefabInternal: {fileID: 100100000}
  m_GameObject: {fileID: 1000010572790302}
  m_Enabled: 1
  m_CastShadows: 1
  m_ReceiveShadows: 1
  m_MotionVectors: 1
  m_LightProbeUsage: 1
  m_ReflectionProbeUsage: 1
  m_Materials:
  - {fileID: 2100000, guid: 939dcd3e0ecbe45d58d09de479d59273, type: 2}
  m_StaticBatchInfo:
    firstSubMesh: 0
    subMeshCount: 0
  m_StaticBatchRoot: {fileID: 0}
  m_ProbeAnchor: {fileID: 0}
  m_LightProbeVolumeOverride: {fileID: 0}
  m_ScaleInLightmap: 1
  m_PreserveUVs: 1
  m_IgnoreNormalsForChartDetection: 0
  m_ImportantGI: 0
  m_SelectedEditorRenderState: 3
  m_MinimumChartSize: 4
  m_AutoUVMaxDistance: 0.5
  m_AutoUVMaxAngle: 89
  m_LightmapParameters: {fileID: 0}
  m_SortingLayerID: 0
  m_SortingLayer: 0
  m_SortingOrder: 0
--- !u!23 &23000012275807652
MeshRenderer:
  m_ObjectHideFlags: 1
  m_PrefabParentObject: {fileID: 0}
  m_PrefabInternal: {fileID: 100100000}
  m_GameObject: {fileID: 1000011704961042}
  m_Enabled: 1
  m_CastShadows: 1
  m_ReceiveShadows: 0
  m_MotionVectors: 1
  m_LightProbeUsage: 1
  m_ReflectionProbeUsage: 1
  m_Materials:
  - {fileID: 2100000, guid: 621ab8a0bb44b4830b883dd8f4119219, type: 2}
  m_StaticBatchInfo:
    firstSubMesh: 0
    subMeshCount: 0
  m_StaticBatchRoot: {fileID: 0}
  m_ProbeAnchor: {fileID: 0}
  m_LightProbeVolumeOverride: {fileID: 0}
  m_ScaleInLightmap: 1
  m_PreserveUVs: 1
  m_IgnoreNormalsForChartDetection: 0
  m_ImportantGI: 0
  m_SelectedEditorRenderState: 3
  m_MinimumChartSize: 4
  m_AutoUVMaxDistance: 0.5
  m_AutoUVMaxAngle: 89
  m_LightmapParameters: {fileID: 0}
  m_SortingLayerID: 0
  m_SortingLayer: 0
  m_SortingOrder: 0
--- !u!23 &23000012390562720
MeshRenderer:
  m_ObjectHideFlags: 1
  m_PrefabParentObject: {fileID: 0}
  m_PrefabInternal: {fileID: 100100000}
  m_GameObject: {fileID: 1000012901754188}
  m_Enabled: 1
  m_CastShadows: 1
  m_ReceiveShadows: 1
  m_MotionVectors: 1
  m_LightProbeUsage: 1
  m_ReflectionProbeUsage: 1
  m_Materials:
  - {fileID: 2100000, guid: 621ab8a0bb44b4830b883dd8f4119219, type: 2}
  m_StaticBatchInfo:
    firstSubMesh: 0
    subMeshCount: 0
  m_StaticBatchRoot: {fileID: 0}
  m_ProbeAnchor: {fileID: 0}
  m_LightProbeVolumeOverride: {fileID: 0}
  m_ScaleInLightmap: 1
  m_PreserveUVs: 1
  m_IgnoreNormalsForChartDetection: 0
  m_ImportantGI: 0
  m_SelectedEditorRenderState: 3
  m_MinimumChartSize: 4
  m_AutoUVMaxDistance: 0.5
  m_AutoUVMaxAngle: 89
  m_LightmapParameters: {fileID: 0}
  m_SortingLayerID: 0
  m_SortingLayer: 0
  m_SortingOrder: 0
--- !u!23 &23000012401481230
MeshRenderer:
  m_ObjectHideFlags: 1
  m_PrefabParentObject: {fileID: 0}
  m_PrefabInternal: {fileID: 100100000}
  m_GameObject: {fileID: 1000013837048658}
  m_Enabled: 1
  m_CastShadows: 1
  m_ReceiveShadows: 0
  m_MotionVectors: 1
  m_LightProbeUsage: 1
  m_ReflectionProbeUsage: 1
  m_Materials:
  - {fileID: 2100000, guid: bfd1c81e3fdef46ea9195a733cbf9175, type: 2}
  m_StaticBatchInfo:
    firstSubMesh: 0
    subMeshCount: 0
  m_StaticBatchRoot: {fileID: 0}
  m_ProbeAnchor: {fileID: 0}
  m_LightProbeVolumeOverride: {fileID: 0}
  m_ScaleInLightmap: 1
  m_PreserveUVs: 1
  m_IgnoreNormalsForChartDetection: 0
  m_ImportantGI: 0
  m_SelectedEditorRenderState: 3
  m_MinimumChartSize: 4
  m_AutoUVMaxDistance: 0.5
  m_AutoUVMaxAngle: 89
  m_LightmapParameters: {fileID: 0}
  m_SortingLayerID: 0
  m_SortingLayer: 0
  m_SortingOrder: 0
--- !u!23 &23000012466146384
MeshRenderer:
  m_ObjectHideFlags: 1
  m_PrefabParentObject: {fileID: 0}
  m_PrefabInternal: {fileID: 100100000}
  m_GameObject: {fileID: 1000010426200046}
  m_Enabled: 1
  m_CastShadows: 1
  m_ReceiveShadows: 0
  m_MotionVectors: 1
  m_LightProbeUsage: 1
  m_ReflectionProbeUsage: 1
  m_Materials:
  - {fileID: 2100000, guid: bfd1c81e3fdef46ea9195a733cbf9175, type: 2}
  m_StaticBatchInfo:
    firstSubMesh: 0
    subMeshCount: 0
  m_StaticBatchRoot: {fileID: 0}
  m_ProbeAnchor: {fileID: 0}
  m_LightProbeVolumeOverride: {fileID: 0}
  m_ScaleInLightmap: 1
  m_PreserveUVs: 1
  m_IgnoreNormalsForChartDetection: 0
  m_ImportantGI: 0
  m_SelectedEditorRenderState: 3
  m_MinimumChartSize: 4
  m_AutoUVMaxDistance: 0.5
  m_AutoUVMaxAngle: 89
  m_LightmapParameters: {fileID: 0}
  m_SortingLayerID: 0
  m_SortingLayer: 0
  m_SortingOrder: 0
--- !u!23 &23000012471952480
MeshRenderer:
  m_ObjectHideFlags: 1
  m_PrefabParentObject: {fileID: 0}
  m_PrefabInternal: {fileID: 100100000}
  m_GameObject: {fileID: 1000010718599158}
  m_Enabled: 1
  m_CastShadows: 1
  m_ReceiveShadows: 1
  m_MotionVectors: 1
  m_LightProbeUsage: 1
  m_ReflectionProbeUsage: 1
  m_Materials:
  - {fileID: 2100000, guid: 621ab8a0bb44b4830b883dd8f4119219, type: 2}
  m_StaticBatchInfo:
    firstSubMesh: 0
    subMeshCount: 0
  m_StaticBatchRoot: {fileID: 0}
  m_ProbeAnchor: {fileID: 0}
  m_LightProbeVolumeOverride: {fileID: 0}
  m_ScaleInLightmap: 1
  m_PreserveUVs: 1
  m_IgnoreNormalsForChartDetection: 0
  m_ImportantGI: 0
  m_SelectedEditorRenderState: 3
  m_MinimumChartSize: 4
  m_AutoUVMaxDistance: 0.5
  m_AutoUVMaxAngle: 89
  m_LightmapParameters: {fileID: 0}
  m_SortingLayerID: 0
  m_SortingLayer: 0
  m_SortingOrder: 0
--- !u!23 &23000012487054722
MeshRenderer:
  m_ObjectHideFlags: 1
  m_PrefabParentObject: {fileID: 0}
  m_PrefabInternal: {fileID: 100100000}
  m_GameObject: {fileID: 1000014187698876}
  m_Enabled: 1
  m_CastShadows: 1
  m_ReceiveShadows: 1
  m_MotionVectors: 1
  m_LightProbeUsage: 1
  m_ReflectionProbeUsage: 1
  m_Materials:
  - {fileID: 10303, guid: 0000000000000000f000000000000000, type: 0}
  m_StaticBatchInfo:
    firstSubMesh: 0
    subMeshCount: 0
  m_StaticBatchRoot: {fileID: 0}
  m_ProbeAnchor: {fileID: 0}
  m_LightProbeVolumeOverride: {fileID: 0}
  m_ScaleInLightmap: 1
  m_PreserveUVs: 1
  m_IgnoreNormalsForChartDetection: 0
  m_ImportantGI: 0
  m_SelectedEditorRenderState: 3
  m_MinimumChartSize: 4
  m_AutoUVMaxDistance: 0.5
  m_AutoUVMaxAngle: 89
  m_LightmapParameters: {fileID: 0}
  m_SortingLayerID: 0
  m_SortingLayer: 0
  m_SortingOrder: 0
--- !u!23 &23000012550108408
MeshRenderer:
  m_ObjectHideFlags: 1
  m_PrefabParentObject: {fileID: 0}
  m_PrefabInternal: {fileID: 100100000}
  m_GameObject: {fileID: 1000013969352854}
  m_Enabled: 1
  m_CastShadows: 1
  m_ReceiveShadows: 1
  m_MotionVectors: 1
  m_LightProbeUsage: 1
  m_ReflectionProbeUsage: 1
  m_Materials:
  - {fileID: 2100000, guid: 939dcd3e0ecbe45d58d09de479d59273, type: 2}
  m_StaticBatchInfo:
    firstSubMesh: 0
    subMeshCount: 0
  m_StaticBatchRoot: {fileID: 0}
  m_ProbeAnchor: {fileID: 0}
  m_LightProbeVolumeOverride: {fileID: 0}
  m_ScaleInLightmap: 1
  m_PreserveUVs: 1
  m_IgnoreNormalsForChartDetection: 0
  m_ImportantGI: 0
  m_SelectedEditorRenderState: 3
  m_MinimumChartSize: 4
  m_AutoUVMaxDistance: 0.5
  m_AutoUVMaxAngle: 89
  m_LightmapParameters: {fileID: 0}
  m_SortingLayerID: 0
  m_SortingLayer: 0
  m_SortingOrder: 0
--- !u!23 &23000012821089654
MeshRenderer:
  m_ObjectHideFlags: 1
  m_PrefabParentObject: {fileID: 0}
  m_PrefabInternal: {fileID: 100100000}
  m_GameObject: {fileID: 1000013848188146}
  m_Enabled: 1
  m_CastShadows: 1
  m_ReceiveShadows: 1
  m_MotionVectors: 1
  m_LightProbeUsage: 1
  m_ReflectionProbeUsage: 1
  m_Materials:
  - {fileID: 10303, guid: 0000000000000000f000000000000000, type: 0}
  m_StaticBatchInfo:
    firstSubMesh: 0
    subMeshCount: 0
  m_StaticBatchRoot: {fileID: 0}
  m_ProbeAnchor: {fileID: 0}
  m_LightProbeVolumeOverride: {fileID: 0}
  m_ScaleInLightmap: 1
  m_PreserveUVs: 1
  m_IgnoreNormalsForChartDetection: 0
  m_ImportantGI: 0
  m_SelectedEditorRenderState: 3
  m_MinimumChartSize: 4
  m_AutoUVMaxDistance: 0.5
  m_AutoUVMaxAngle: 89
  m_LightmapParameters: {fileID: 0}
  m_SortingLayerID: 0
  m_SortingLayer: 0
  m_SortingOrder: 0
--- !u!23 &23000012866458364
MeshRenderer:
  m_ObjectHideFlags: 1
  m_PrefabParentObject: {fileID: 0}
  m_PrefabInternal: {fileID: 100100000}
  m_GameObject: {fileID: 1000013484704952}
  m_Enabled: 1
  m_CastShadows: 1
  m_ReceiveShadows: 1
  m_MotionVectors: 1
  m_LightProbeUsage: 1
  m_ReflectionProbeUsage: 1
  m_Materials:
  - {fileID: 2100000, guid: 6872bee55b3cc4499a09503edebbe108, type: 2}
  m_StaticBatchInfo:
    firstSubMesh: 0
    subMeshCount: 0
  m_StaticBatchRoot: {fileID: 0}
  m_ProbeAnchor: {fileID: 0}
  m_LightProbeVolumeOverride: {fileID: 0}
  m_ScaleInLightmap: 1
  m_PreserveUVs: 1
  m_IgnoreNormalsForChartDetection: 0
  m_ImportantGI: 0
  m_SelectedEditorRenderState: 3
  m_MinimumChartSize: 4
  m_AutoUVMaxDistance: 0.5
  m_AutoUVMaxAngle: 89
  m_LightmapParameters: {fileID: 0}
  m_SortingLayerID: 0
  m_SortingLayer: 0
  m_SortingOrder: 0
--- !u!23 &23000013609419464
MeshRenderer:
  m_ObjectHideFlags: 1
  m_PrefabParentObject: {fileID: 0}
  m_PrefabInternal: {fileID: 100100000}
  m_GameObject: {fileID: 1000010075057990}
  m_Enabled: 1
  m_CastShadows: 1
  m_ReceiveShadows: 1
  m_MotionVectors: 1
  m_LightProbeUsage: 1
  m_ReflectionProbeUsage: 1
  m_Materials:
  - {fileID: 2100000, guid: 939dcd3e0ecbe45d58d09de479d59273, type: 2}
  m_StaticBatchInfo:
    firstSubMesh: 0
    subMeshCount: 0
  m_StaticBatchRoot: {fileID: 0}
  m_ProbeAnchor: {fileID: 0}
  m_LightProbeVolumeOverride: {fileID: 0}
  m_ScaleInLightmap: 1
  m_PreserveUVs: 1
  m_IgnoreNormalsForChartDetection: 0
  m_ImportantGI: 0
  m_SelectedEditorRenderState: 3
  m_MinimumChartSize: 4
  m_AutoUVMaxDistance: 0.5
  m_AutoUVMaxAngle: 89
  m_LightmapParameters: {fileID: 0}
  m_SortingLayerID: 0
  m_SortingLayer: 0
  m_SortingOrder: 0
--- !u!23 &23000013866003146
MeshRenderer:
  m_ObjectHideFlags: 1
  m_PrefabParentObject: {fileID: 0}
  m_PrefabInternal: {fileID: 100100000}
  m_GameObject: {fileID: 1000013514942388}
  m_Enabled: 1
  m_CastShadows: 1
  m_ReceiveShadows: 1
  m_MotionVectors: 1
  m_LightProbeUsage: 1
  m_ReflectionProbeUsage: 1
  m_Materials:
  - {fileID: 2100000, guid: 939dcd3e0ecbe45d58d09de479d59273, type: 2}
  m_StaticBatchInfo:
    firstSubMesh: 0
    subMeshCount: 0
  m_StaticBatchRoot: {fileID: 0}
  m_ProbeAnchor: {fileID: 0}
  m_LightProbeVolumeOverride: {fileID: 0}
  m_ScaleInLightmap: 1
  m_PreserveUVs: 1
  m_IgnoreNormalsForChartDetection: 0
  m_ImportantGI: 0
  m_SelectedEditorRenderState: 3
  m_MinimumChartSize: 4
  m_AutoUVMaxDistance: 0.5
  m_AutoUVMaxAngle: 89
  m_LightmapParameters: {fileID: 0}
  m_SortingLayerID: 0
  m_SortingLayer: 0
  m_SortingOrder: 0
--- !u!33 &33000010348924058
MeshFilter:
  m_ObjectHideFlags: 1
  m_PrefabParentObject: {fileID: 0}
  m_PrefabInternal: {fileID: 100100000}
  m_GameObject: {fileID: 1000012901754188}
  m_Mesh: {fileID: 10206, guid: 0000000000000000e000000000000000, type: 0}
--- !u!33 &33000010482586268
MeshFilter:
  m_ObjectHideFlags: 1
  m_PrefabParentObject: {fileID: 0}
  m_PrefabInternal: {fileID: 100100000}
  m_GameObject: {fileID: 1000012182405556}
  m_Mesh: {fileID: 10206, guid: 0000000000000000e000000000000000, type: 0}
--- !u!33 &33000010678502460
MeshFilter:
  m_ObjectHideFlags: 1
  m_PrefabParentObject: {fileID: 0}
  m_PrefabInternal: {fileID: 100100000}
  m_GameObject: {fileID: 1000014205868062}
  m_Mesh: {fileID: 10206, guid: 0000000000000000e000000000000000, type: 0}
--- !u!33 &33000010833881038
MeshFilter:
  m_ObjectHideFlags: 1
  m_PrefabParentObject: {fileID: 0}
  m_PrefabInternal: {fileID: 100100000}
  m_GameObject: {fileID: 1000011391656584}
  m_Mesh: {fileID: 10206, guid: 0000000000000000e000000000000000, type: 0}
--- !u!33 &33000010840364258
MeshFilter:
  m_ObjectHideFlags: 1
  m_PrefabParentObject: {fileID: 0}
  m_PrefabInternal: {fileID: 100100000}
  m_GameObject: {fileID: 1000013605094746}
  m_Mesh: {fileID: 10206, guid: 0000000000000000e000000000000000, type: 0}
--- !u!33 &33000011031917312
MeshFilter:
  m_ObjectHideFlags: 1
  m_PrefabParentObject: {fileID: 0}
  m_PrefabInternal: {fileID: 100100000}
  m_GameObject: {fileID: 1000012993279518}
  m_Mesh: {fileID: 10206, guid: 0000000000000000e000000000000000, type: 0}
--- !u!33 &33000011416728064
MeshFilter:
  m_ObjectHideFlags: 1
  m_PrefabParentObject: {fileID: 0}
  m_PrefabInternal: {fileID: 100100000}
  m_GameObject: {fileID: 1000013484704952}
  m_Mesh: {fileID: 10202, guid: 0000000000000000e000000000000000, type: 0}
--- !u!33 &33000011444560400
MeshFilter:
  m_ObjectHideFlags: 1
  m_PrefabParentObject: {fileID: 0}
  m_PrefabInternal: {fileID: 100100000}
  m_GameObject: {fileID: 1000010426200046}
  m_Mesh: {fileID: 10206, guid: 0000000000000000e000000000000000, type: 0}
--- !u!33 &33000011449628300
MeshFilter:
  m_ObjectHideFlags: 1
  m_PrefabParentObject: {fileID: 0}
  m_PrefabInternal: {fileID: 100100000}
  m_GameObject: {fileID: 1000010641932094}
  m_Mesh: {fileID: 10206, guid: 0000000000000000e000000000000000, type: 0}
--- !u!33 &33000011735736514
MeshFilter:
  m_ObjectHideFlags: 1
  m_PrefabParentObject: {fileID: 0}
  m_PrefabInternal: {fileID: 100100000}
  m_GameObject: {fileID: 1000013969352854}
  m_Mesh: {fileID: 10207, guid: 0000000000000000e000000000000000, type: 0}
--- !u!33 &33000012014129060
MeshFilter:
  m_ObjectHideFlags: 1
  m_PrefabParentObject: {fileID: 0}
  m_PrefabInternal: {fileID: 100100000}
  m_GameObject: {fileID: 1000010718599158}
  m_Mesh: {fileID: 10206, guid: 0000000000000000e000000000000000, type: 0}
--- !u!33 &33000012124036270
MeshFilter:
  m_ObjectHideFlags: 1
  m_PrefabParentObject: {fileID: 0}
  m_PrefabInternal: {fileID: 100100000}
  m_GameObject: {fileID: 1000010075057990}
  m_Mesh: {fileID: 10206, guid: 0000000000000000e000000000000000, type: 0}
--- !u!33 &33000012643687978
MeshFilter:
  m_ObjectHideFlags: 1
  m_PrefabParentObject: {fileID: 0}
  m_PrefabInternal: {fileID: 100100000}
  m_GameObject: {fileID: 1000011704961042}
  m_Mesh: {fileID: 10206, guid: 0000000000000000e000000000000000, type: 0}
--- !u!33 &33000012835626888
MeshFilter:
  m_ObjectHideFlags: 1
  m_PrefabParentObject: {fileID: 0}
  m_PrefabInternal: {fileID: 100100000}
  m_GameObject: {fileID: 1000014187698876}
  m_Mesh: {fileID: 10202, guid: 0000000000000000e000000000000000, type: 0}
--- !u!33 &33000012915928190
MeshFilter:
  m_ObjectHideFlags: 1
  m_PrefabParentObject: {fileID: 0}
  m_PrefabInternal: {fileID: 100100000}
  m_GameObject: {fileID: 1000013514942388}
  m_Mesh: {fileID: 10206, guid: 0000000000000000e000000000000000, type: 0}
--- !u!33 &33000013606600366
MeshFilter:
  m_ObjectHideFlags: 1
  m_PrefabParentObject: {fileID: 0}
  m_PrefabInternal: {fileID: 100100000}
  m_GameObject: {fileID: 1000013848188146}
  m_Mesh: {fileID: 10206, guid: 0000000000000000e000000000000000, type: 0}
--- !u!33 &33000013631972098
MeshFilter:
  m_ObjectHideFlags: 1
  m_PrefabParentObject: {fileID: 0}
  m_PrefabInternal: {fileID: 100100000}
  m_GameObject: {fileID: 1000010081431002}
  m_Mesh: {fileID: 10206, guid: 0000000000000000e000000000000000, type: 0}
--- !u!33 &33000013848112672
MeshFilter:
  m_ObjectHideFlags: 1
  m_PrefabParentObject: {fileID: 0}
  m_PrefabInternal: {fileID: 100100000}
  m_GameObject: {fileID: 1000013837048658}
  m_Mesh: {fileID: 10206, guid: 0000000000000000e000000000000000, type: 0}
--- !u!33 &33000014281123300
MeshFilter:
  m_ObjectHideFlags: 1
  m_PrefabParentObject: {fileID: 0}
  m_PrefabInternal: {fileID: 100100000}
  m_GameObject: {fileID: 1000010572790302}
  m_Mesh: {fileID: 10207, guid: 0000000000000000e000000000000000, type: 0}
--- !u!54 &54000010161852334
Rigidbody:
  m_ObjectHideFlags: 1
  m_PrefabParentObject: {fileID: 0}
  m_PrefabInternal: {fileID: 100100000}
  m_GameObject: {fileID: 1000013837048658}
  serializedVersion: 2
  m_Mass: 50
  m_Drag: 0
  m_AngularDrag: 0.05
  m_UseGravity: 0
  m_IsKinematic: 1
  m_Interpolate: 0
  m_Constraints: 56
  m_CollisionDetection: 0
--- !u!54 &54000011042737462
Rigidbody:
  m_ObjectHideFlags: 1
  m_PrefabParentObject: {fileID: 0}
  m_PrefabInternal: {fileID: 100100000}
  m_GameObject: {fileID: 1000014205868062}
  serializedVersion: 2
  m_Mass: 50
  m_Drag: 0
  m_AngularDrag: 0.05
  m_UseGravity: 0
  m_IsKinematic: 1
  m_Interpolate: 0
  m_Constraints: 56
  m_CollisionDetection: 0
--- !u!54 &54000012615937556
Rigidbody:
  m_ObjectHideFlags: 1
  m_PrefabParentObject: {fileID: 0}
  m_PrefabInternal: {fileID: 100100000}
  m_GameObject: {fileID: 1000013522667924}
  serializedVersion: 2
  m_Mass: 100
  m_Drag: 0
  m_AngularDrag: 0.05
  m_UseGravity: 1
  m_IsKinematic: 0
  m_Interpolate: 0
  m_Constraints: 0
  m_CollisionDetection: 0
--- !u!65 &65000010790187468
BoxCollider:
  m_ObjectHideFlags: 1
  m_PrefabParentObject: {fileID: 0}
  m_PrefabInternal: {fileID: 100100000}
  m_GameObject: {fileID: 1000013484704952}
  m_Material: {fileID: 0}
  m_IsTrigger: 1
  m_Enabled: 1
  serializedVersion: 2
  m_Size: {x: 1, y: 1, z: 1}
  m_Center: {x: 0, y: 0, z: 0}
--- !u!65 &65000013555761440
BoxCollider:
  m_ObjectHideFlags: 1
  m_PrefabParentObject: {fileID: 0}
  m_PrefabInternal: {fileID: 100100000}
  m_GameObject: {fileID: 1000014187698876}
  m_Material: {fileID: 0}
  m_IsTrigger: 1
  m_Enabled: 1
  serializedVersion: 2
  m_Size: {x: 1, y: 1, z: 1}
  m_Center: {x: 0, y: 0, z: 0}
--- !u!114 &114000010591303408
MonoBehaviour:
  m_ObjectHideFlags: 1
  m_PrefabParentObject: {fileID: 0}
  m_PrefabInternal: {fileID: 100100000}
  m_GameObject: {fileID: 1000013522667924}
  m_Enabled: 1
  m_EditorHideFlags: 0
  m_Script: {fileID: 11500000, guid: 3cf3bad438a884f948c7af4f2d4abeeb, type: 3}
  m_Name: 
  m_EditorClassIdentifier: 
  behaviorNotes: EMPTY BEHAVIOR DESCRIPTION!
  realGravity: {x: 0, y: 0, z: 0}
  eventList: []
  systemEventList: []
  objectAccess: []
  objectPause: 0
  expandPrivates: 1
  dontDestroy: 0
  useRealGravity: 0
  useFakeGravity: 0
  valueStorage: 0
  stringStorage: 
  vectorModifier: {x: 0, y: 0, z: 0}
  storedPosition: {x: 0, y: 0, z: 0}
  storedRotation: {x: 0, y: 0, z: 0}
  storedRelativeRotation: {x: 0, y: 0, z: 0}
  storedForces: {x: 0, y: 0, z: 0}
  upVector: {x: 0, y: 0, z: 0}
  forwardVector: {x: 0, y: 0, z: 0}
  rightVector: {x: 0, y: 0, z: 0}
  mainColor:
    r: 1
    g: 1
    b: 1
    a: 1
  otherColor:
    r: 0
    g: 0
    b: 0
    a: 1
  canInteract: 1
  mass: 1
  forceParticle: 1
  collidedGO: {fileID: 0}
  indexFloatSet: 0
  indexStringSet: 0
--- !u!114 &114000011733376308
MonoBehaviour:
  m_ObjectHideFlags: 1
  m_PrefabParentObject: {fileID: 0}
  m_PrefabInternal: {fileID: 100100000}
  m_GameObject: {fileID: 1000013484704952}
  m_Enabled: 1
  m_EditorHideFlags: 0
  m_Script: {fileID: 11500000, guid: 3cf3bad438a884f948c7af4f2d4abeeb, type: 3}
  m_Name: 
  m_EditorClassIdentifier: 
  behaviorNotes: EMPTY BEHAVIOR DESCRIPTION!
  realGravity: {x: 0, y: 0, z: 0}
  eventList: []
  systemEventList: []
  objectAccess: []
  objectPause: 0
  expandPrivates: 1
  dontDestroy: 0
  useRealGravity: 0
  useFakeGravity: 0
  valueStorage: 0
  stringStorage: 
  vectorModifier: {x: 0, y: 0, z: 0}
  storedPosition: {x: 0, y: 0, z: 0}
  storedRotation: {x: 0, y: 0, z: 0}
  storedRelativeRotation: {x: 0, y: 0, z: 0}
  storedForces: {x: 0, y: 0, z: 0}
  upVector: {x: 0, y: 0, z: 0}
  forwardVector: {x: 0, y: 0, z: 0}
  rightVector: {x: 0, y: 0, z: 0}
  mainColor:
    r: 1
    g: 1
    b: 1
    a: 1
  otherColor:
    r: 0
    g: 0
    b: 0
    a: 1
  canInteract: 1
  mass: 1
  forceParticle: 1
  collidedGO: {fileID: 0}
  indexFloatSet: 0
  indexStringSet: 0
--- !u!135 &135000010013119248
SphereCollider:
  m_ObjectHideFlags: 1
  m_PrefabParentObject: {fileID: 0}
  m_PrefabInternal: {fileID: 100100000}
  m_GameObject: {fileID: 1000010641932094}
  m_Material: {fileID: 0}
  m_IsTrigger: 1
  m_Enabled: 1
  serializedVersion: 2
  m_Radius: 0.5
  m_Center: {x: 0, y: 0, z: 0}
--- !u!135 &135000010226275716
SphereCollider:
  m_ObjectHideFlags: 1
  m_PrefabParentObject: {fileID: 0}
  m_PrefabInternal: {fileID: 100100000}
  m_GameObject: {fileID: 1000014205868062}
  m_Material: {fileID: 0}
  m_IsTrigger: 1
  m_Enabled: 1
  serializedVersion: 2
  m_Radius: 0.5
  m_Center: {x: 0, y: 0, z: 0}
--- !u!135 &135000012206532244
SphereCollider:
  m_ObjectHideFlags: 1
  m_PrefabParentObject: {fileID: 0}
  m_PrefabInternal: {fileID: 100100000}
  m_GameObject: {fileID: 1000013837048658}
  m_Material: {fileID: 0}
  m_IsTrigger: 1
  m_Enabled: 1
  serializedVersion: 2
  m_Radius: 0.5
  m_Center: {x: 0, y: 0, z: 0}
--- !u!135 &135000012760519882
SphereCollider:
  m_ObjectHideFlags: 1
  m_PrefabParentObject: {fileID: 0}
  m_PrefabInternal: {fileID: 100100000}
  m_GameObject: {fileID: 1000010572790302}
  m_Material: {fileID: 0}
  m_IsTrigger: 1
  m_Enabled: 1
  serializedVersion: 2
  m_Radius: 0.5
  m_Center: {x: 0, y: 0, z: 0}
--- !u!135 &135000013526735802
SphereCollider:
  m_ObjectHideFlags: 1
  m_PrefabParentObject: {fileID: 0}
  m_PrefabInternal: {fileID: 100100000}
  m_GameObject: {fileID: 1000013969352854}
  m_Material: {fileID: 0}
  m_IsTrigger: 1
  m_Enabled: 1
  serializedVersion: 2
  m_Radius: 0.5
  m_Center: {x: 0, y: 0, z: 0}
--- !u!135 &135000013990990400
SphereCollider:
  m_ObjectHideFlags: 1
  m_PrefabParentObject: {fileID: 0}
  m_PrefabInternal: {fileID: 100100000}
  m_GameObject: {fileID: 1000010081431002}
  m_Material: {fileID: 0}
  m_IsTrigger: 1
  m_Enabled: 1
  serializedVersion: 2
  m_Radius: 0.5
  m_Center: {x: 0, y: 0, z: 0}
--- !u!136 &136000010511196004
CapsuleCollider:
  m_ObjectHideFlags: 1
  m_PrefabParentObject: {fileID: 0}
  m_PrefabInternal: {fileID: 100100000}
  m_GameObject: {fileID: 1000013848188146}
  m_Material: {fileID: 0}
  m_IsTrigger: 1
  m_Enabled: 1
  m_Radius: 0.5
  m_Height: 2
  m_Direction: 1
  m_Center: {x: 0, y: 0, z: 0}
--- !u!136 &136000010703230070
CapsuleCollider:
  m_ObjectHideFlags: 1
  m_PrefabParentObject: {fileID: 0}
  m_PrefabInternal: {fileID: 100100000}
  m_GameObject: {fileID: 1000013605094746}
  m_Material: {fileID: 0}
  m_IsTrigger: 1
  m_Enabled: 1
  m_Radius: 0.5000001
  m_Height: 2
  m_Direction: 1
  m_Center: {x: 0.000000059604645, y: 0, z: -0.00000008940697}
--- !u!136 &136000010745121140
CapsuleCollider:
  m_ObjectHideFlags: 1
  m_PrefabParentObject: {fileID: 0}
  m_PrefabInternal: {fileID: 100100000}
  m_GameObject: {fileID: 1000012182405556}
  m_Material: {fileID: 13400000, guid: 62847889d2fbc4b65951dda00e166d35, type: 2}
  m_IsTrigger: 0
  m_Enabled: 1
  m_Radius: 0.5
  m_Height: 2
  m_Direction: 1
  m_Center: {x: 0, y: 0, z: 0}
--- !u!136 &136000011197653882
CapsuleCollider:
  m_ObjectHideFlags: 1
  m_PrefabParentObject: {fileID: 0}
  m_PrefabInternal: {fileID: 100100000}
  m_GameObject: {fileID: 1000011704961042}
  m_Material: {fileID: 0}
  m_IsTrigger: 1
  m_Enabled: 1
  m_Radius: 0.5
  m_Height: 2
  m_Direction: 1
  m_Center: {x: 0, y: 0, z: 0}
--- !u!136 &136000011468494858
CapsuleCollider:
  m_ObjectHideFlags: 1
  m_PrefabParentObject: {fileID: 0}
  m_PrefabInternal: {fileID: 100100000}
  m_GameObject: {fileID: 1000012993279518}
  m_Material: {fileID: 13400000, guid: 62847889d2fbc4b65951dda00e166d35, type: 2}
  m_IsTrigger: 0
  m_Enabled: 1
  m_Radius: 0.5
  m_Height: 2
  m_Direction: 1
  m_Center: {x: 0, y: 0, z: 0}
--- !u!136 &136000012450342958
CapsuleCollider:
  m_ObjectHideFlags: 1
  m_PrefabParentObject: {fileID: 0}
  m_PrefabInternal: {fileID: 100100000}
  m_GameObject: {fileID: 1000010426200046}
  m_Material: {fileID: 0}
  m_IsTrigger: 1
  m_Enabled: 1
  m_Radius: 0.5000001
  m_Height: 2
  m_Direction: 1
  m_Center: {x: 0.000000059604645, y: 0, z: -0.00000008940697}
--- !u!136 &136000012832021058
CapsuleCollider:
  m_ObjectHideFlags: 1
  m_PrefabParentObject: {fileID: 0}
  m_PrefabInternal: {fileID: 100100000}
  m_GameObject: {fileID: 1000013514942388}
  m_Material: {fileID: 0}
  m_IsTrigger: 1
  m_Enabled: 1
  m_Radius: 0.5000004
  m_Height: 1.9999999
  m_Direction: 1
  m_Center: {x: 0.00000005960465, y: -7.324985e-15, z: -0.00000008940698}
--- !u!136 &136000013051167558
CapsuleCollider:
  m_ObjectHideFlags: 1
  m_PrefabParentObject: {fileID: 0}
  m_PrefabInternal: {fileID: 100100000}
  m_GameObject: {fileID: 1000010718599158}
  m_Material: {fileID: 13400000, guid: 62847889d2fbc4b65951dda00e166d35, type: 2}
  m_IsTrigger: 0
  m_Enabled: 1
  m_Radius: 0.5
  m_Height: 2
  m_Direction: 1
  m_Center: {x: 0, y: 0, z: 0}
--- !u!136 &136000013100596506
CapsuleCollider:
  m_ObjectHideFlags: 1
  m_PrefabParentObject: {fileID: 0}
  m_PrefabInternal: {fileID: 100100000}
  m_GameObject: {fileID: 1000012901754188}
  m_Material: {fileID: 13400000, guid: 62847889d2fbc4b65951dda00e166d35, type: 2}
  m_IsTrigger: 0
  m_Enabled: 1
  m_Radius: 0.5
  m_Height: 2
  m_Direction: 1
  m_Center: {x: 0, y: 0, z: 0}
--- !u!136 &136000013718120520
CapsuleCollider:
  m_ObjectHideFlags: 1
  m_PrefabParentObject: {fileID: 0}
  m_PrefabInternal: {fileID: 100100000}
  m_GameObject: {fileID: 1000010075057990}
  m_Material: {fileID: 0}
  m_IsTrigger: 1
  m_Enabled: 1
  m_Radius: 0.5000004
  m_Height: 1.9999999
  m_Direction: 1
  m_Center: {x: 0.00000005960465, y: -7.324985e-15, z: -0.00000008940698}
--- !u!136 &136000014227737888
CapsuleCollider:
  m_ObjectHideFlags: 1
  m_PrefabParentObject: {fileID: 0}
  m_PrefabInternal: {fileID: 100100000}
  m_GameObject: {fileID: 1000011391656584}
  m_Material: {fileID: 0}
  m_IsTrigger: 1
  m_Enabled: 1
  m_Radius: 0.5
  m_Height: 2
  m_Direction: 1
  m_Center: {x: 0, y: 0, z: 0}
