%YAML 1.1
%TAG !u! tag:unity3d.com,2011:
--- !u!1 &150264
GameObject:
  m_ObjectHideFlags: 0
  m_PrefabParentObject: {fileID: 0}
  m_PrefabInternal: {fileID: 100100000}
  serializedVersion: 5
  m_Component:
  - component: {fileID: 447150}
  - component: {fileID: 3345596}
  - component: {fileID: 6588022}
  - component: {fileID: 2352120}
  - component: {fileID: 5496124}
  - component: {fileID: 11447394}
  m_Layer: 0
  m_Name: MovingBlocker
  m_TagString: Untagged
  m_Icon: {fileID: 0}
  m_NavMeshLayer: 0
  m_StaticEditorFlags: 0
  m_IsActive: 1
--- !u!4 &447150
Transform:
  m_ObjectHideFlags: 1
  m_PrefabParentObject: {fileID: 0}
  m_PrefabInternal: {fileID: 100100000}
  m_GameObject: {fileID: 150264}
  m_LocalRotation: {x: 0, y: -0.38268334, z: 0, w: 0.9238796}
  m_LocalPosition: {x: 33.8, y: 4, z: 32}
  m_LocalScale: {x: 5, y: 5, z: 15}
  m_Children: []
  m_Father: {fileID: 0}
  m_RootOrder: 0
  m_LocalEulerAnglesHint: {x: 0, y: 0, z: 0}
--- !u!23 &2352120
MeshRenderer:
  m_ObjectHideFlags: 1
  m_PrefabParentObject: {fileID: 0}
  m_PrefabInternal: {fileID: 100100000}
  m_GameObject: {fileID: 150264}
  m_Enabled: 1
  m_CastShadows: 1
  m_ReceiveShadows: 1
  m_MotionVectors: 1
  m_LightProbeUsage: 1
  m_ReflectionProbeUsage: 1
  m_Materials:
  - {fileID: 2100000, guid: 95abb3619ec594be8bf2d02966e9032e, type: 2}
  m_StaticBatchInfo:
    firstSubMesh: 0
    subMeshCount: 0
  m_StaticBatchRoot: {fileID: 0}
  m_ProbeAnchor: {fileID: 0}
  m_LightProbeVolumeOverride: {fileID: 0}
  m_ScaleInLightmap: 1
  m_PreserveUVs: 1
  m_IgnoreNormalsForChartDetection: 0
  m_ImportantGI: 0
  m_SelectedEditorRenderState: 3
  m_MinimumChartSize: 4
  m_AutoUVMaxDistance: 0.5
  m_AutoUVMaxAngle: 89
  m_LightmapParameters: {fileID: 0}
  m_SortingLayerID: 0
  m_SortingLayer: 0
  m_SortingOrder: 0
--- !u!33 &3345596
MeshFilter:
  m_ObjectHideFlags: 1
  m_PrefabParentObject: {fileID: 0}
  m_PrefabInternal: {fileID: 100100000}
  m_GameObject: {fileID: 150264}
  m_Mesh: {fileID: 10207, guid: 0000000000000000e000000000000000, type: 0}
--- !u!54 &5496124
Rigidbody:
  m_ObjectHideFlags: 1
  m_PrefabParentObject: {fileID: 0}
  m_PrefabInternal: {fileID: 100100000}
  m_GameObject: {fileID: 150264}
  serializedVersion: 2
  m_Mass: 1
  m_Drag: 0
  m_AngularDrag: 0.05
  m_UseGravity: 0
  m_IsKinematic: 0
  m_Interpolate: 0
  m_Constraints: 116
  m_CollisionDetection: 0
--- !u!65 &6588022
BoxCollider:
  m_ObjectHideFlags: 1
  m_PrefabParentObject: {fileID: 0}
  m_PrefabInternal: {fileID: 100100000}
  m_GameObject: {fileID: 150264}
  m_Material: {fileID: 0}
  m_IsTrigger: 0
  m_Enabled: 1
  serializedVersion: 2
  m_Size: {x: 1, y: 1, z: 1}
  m_Center: {x: 0, y: 0, z: 0}
--- !u!114 &11447394
MonoBehaviour:
  m_ObjectHideFlags: 1
  m_PrefabParentObject: {fileID: 0}
  m_PrefabInternal: {fileID: 100100000}
  m_GameObject: {fileID: 150264}
  m_Enabled: 1
  m_EditorHideFlags: 0
  m_Script: {fileID: 11500000, guid: 3cf3bad438a884f948c7af4f2d4abeeb, type: 3}
  m_Name: 
  m_EditorClassIdentifier: 
  behaviorNotes: EMPTY BEHAVIOR DESCRIPTION!
  realGravity: {x: 0, y: 0, z: 0}
  eventList:
  - eventName: StartLaunchBall5
    amount: 20
    otherAmount: 0
    vectorStorage: {x: 1, y: 0, z: 0}
    word: 
    playerAction: 10
    gameAction: 13
    relation: 0
    filterType: 0
    root: 0
    force: 2
    objFilter: 
    msgFilter: velocitychange
    key: 46
    letter: a
    showEvent: 1
    on: 0
    active: 1
  - eventName: CollisionBounce4
    amount: 1
    otherAmount: 0
    vectorStorage: {x: -1, y: 0, z: 1}
    word: 
    playerAction: 2
    gameAction: 1
    relation: 4
    filterType: 1
    root: 0
    force: 1
    objFilter: 
    msgFilter: reverse
    key: 276
    letter: a
    showEvent: 1
    on: 0
    active: 1
  objectAccess: []
  objectPause: 0
  expandPrivates: 1
  dontDestroy: 0
  useRealGravity: 0
  useFakeGravity: 0
  valueStorage: 0
  stringStorage: 
  vectorModifier: {x: 0, y: 0, z: 0}
  storedPosition: {x: 0, y: 0, z: 0}
  storedRotation: {x: 0, y: 0, z: 0}
  storedRelativeRotation: {x: 0, y: 0, z: 0}
  storedForces: {x: 0, y: 0, z: 0}
  mainColor:
    r: 1
    g: 1
    b: 1
    a: 1
  otherColor:
    r: 0
    g: 0
    b: 0
    a: 1
  canInteract: 1
--- !u!1001 &100100000
Prefab:
  m_ObjectHideFlags: 1
  serializedVersion: 2
  m_Modification:
    m_TransformParent: {fileID: 0}
    m_Modifications: []
    m_RemovedComponents: []
  m_ParentPrefab: {fileID: 0}
  m_RootGameObject: {fileID: 150264}
  m_IsPrefabParent: 1
